2550 3978
142 434 170 510 g,

142 943 177 1002 h„

142 1366 176 1424 h„

141 2154 158 2188 8

568 208 731 258 aroenae
1041 193 1103 270 261

186 347 299 410 inclusa
315 348 401 411 lellus
416 367 477 412 nou
492 351 570 429 capit
586 348 714 411 tumulos
730 365 821 409 meus

172 435 178 453 '
230 434 293 494 Duc
308 434 366 495 duc
381 434 471 496 Vlixe.
502 434 543 496 nil
558 453 673 502 moror,
692 434 876 495 domiuum
893 453 1011 513 sequor.

186 537 234 580 me
250 537 315 580 mea
331 527 492 598 sequentur
509 521 582 582 lala:
606 538 665 580 non
681 517 786 597 pelago
802 521 886 599 quies

185 603 344 683 tranquilla
359 605 473 674 ueniet,
491 606 603 666 saeuiel
619 605 713 665 uentis
729 622 827 673 mare,

187 697 216 749 et
231 688 306 749 bella
324 697 352 750 et
367 690 443 768 ignis
459 698 487 750 el
502 707 567 750 mea
584 696 613 750 et
627 689 738 750 Priami
754 686 840 749 mala.

186 773 316 851 dumque
331 776 386 835 isla
402 776 540 848 aenium,
556 775 675 835 interim
691 773 749 834 huc
765 791 878 852 poenae
895 773 960 834 luco
976 783 1035 836 est:

185 867 296 920 scriem
313 860 471 938 occupaui,
489 860 653 939 praemium
670 859 766 936 eripui
782 858 844 920 tibi.

230 943 286 1004 Sed
303 962 339 1004 eu
356 947 443 1004 cilalc
459 943 592 1024 Pyrrhus
607 946 737 1004 accurrit
751 944 844 1022 gradu

185 1027 328 1107 uultuque
344 1036 441 1090 lcruc.
473 1028 586 1110 Pyrrhe
602 1027 672 1108 quid
689 1029 805 1089 cessas?
828 1045 882 1106 age

185 1113 306 1174 reclude
323 1115 404 1174 lerru
420 1121 524 1192 pectus
539 1121 569 1174 el
583 1111 702 1173 Achillis
718 1114 760 1173 lui

185 1199 331 1276 coniunge
346 1215 475 1264 soceros,
506 1215 598 1276 perge
613 1205 757 1258 mactator
772 1215 892 1258 senium:

185 1290 213 1342 et
228 1282 277 1342 hic
292 1283 377 1344 decet
393 1291 421 1344 le
436 1285 564 1361 sanguia.
596 1283 747 1362 abreptam
764 1283 857 1343 trahe.

178 1365 185 1385 '
228 1367 371 1429 lllaculale
387 1386 512 1446 superus
528 1369 619 1430 caede
635 1368 751 1428 liiuesta
767 1368 854 1438 dece,

185 1451 329 1514 maculate
344 1471 455 1514 manes.
487 1453 555 1532 quid
573 1471 679 1533 precer
694 1452 796 1513 archisi
819 1469 927 1532 precor

184 1537 230 1598 liis
245 1537 333 1616 digua
348 1540 440 1599 sacris
456 1555 594 1617 aequora.
625 1537 682 1597 huc
699 1536 785 1596 classi
802 1538 914 1598 accidat

184 1623 236 1682 luti
253 1622 406 1700 pelasgae,
423 1623 537 1684 ratibus
553 1623 610 1682 hoc
627 1621 706 1682 mille
723 1621 851 1690 accidat,

183 1725 267 1768 meae
283 1707 444 1786 precabor,
462 1725 528 1768 cum
545 1706 652 1779 uehar,
670 1705 808 1785 quicquid
825 1709 889 1767 rali.

569 1973 715 2021 CHORVS.

312 2130 424 2192 Dulce
441 2133 584 2192 maerenti
600 2129 726 2211 populus
742 2129 908 2198 dolentum,

268 2215 375 2276 dulce
392 2218 550 2276 maereulis
564 2234 705 2276 resonare
722 2217 831 2293 g'eules.

266 2300 374 2361 leulius
389 2299 485 2361 lucius
501 2299 699 2378 lacrimaeque
716 2299 853 2359 mordent

268 2385 354 2446 turba
370 2403 442 2464 quas
457 2385 527 2445 ilelu
543 2385 644 2445 similis
659 2387 836 2462 irequemat.

267 2487 385 2547 semper
401 2488 416 2528 a
432 2487 551 2546 semper
563 2468 651 2529 delur
668 2477 711 2528 est
726 2467 888 2544 malignus:

267 2555 375 2632 gaudet
390 2555 419 2615 in
436 2553 544 2615 mullos
560 2571 611 2614 sua
627 2554 684 2632 lala
700 2553 776 2612 mitti

184 2691 386 2699 mu...-

250 2761 315 2810 1002
333 2775 387 2808 uon
406 2758 482 2823 capit
500 2745 549 2821 Εψ
567 2771 630 2806 num
650 2773 672 2807 c.
691 2757 715 2806 A
739 2771 811 2806 nuuc
829 2764 852 2821 ψ
870 2751 881 2822 11
899 2759 964 2808 1004
982 2772 1096 2823 aequen-

181 2831 226 2876 tur
245 2828 285 2877 εΑ
303 2830 456 2890 sequautur
473 2822 572 2892 ψ11ιιιι.
592 2825 759 2876 1004-1008
775 2832 836 2889 post
854 2825 958 2890 u.11018
978 2833 1097 2891 transpo-

168 2895 278 2945 ·nerzdcs
291 2911 346 2944 ease
358 2896 467 2945 coniecit
478 2893 603 2958 Scaliper.
616 2888 627 2958 11
642 2895 706 2944 1005
718 2895 813 2944 ueniet
827 2895 936 2944 saeuiel
947 2893 972 2942 E
990 2896 1094 2946 ueniat.

182 2962 292 3013 saeuiat
309 2963 335 3012 A
358 2958 369 3028 11
394 2963 460 3013 1007
478 2962 593 3012 eueniunt
611 2961 636 3012 E
654 2962 768 3012 uenient
786 2962 811 3010 A
830 2964 946 3012 ueniant
964 2962 987 3011 Ii
1009 2957 1021 3025 11
1044 2962 1097 3011 hcc

181 3046 288 3096 poenae
307 3029 367 3080 loco
386 3035 429 3080 eat
447 3029 472 3078 Ε
501 3030 572 3080 haec
590 3045 680 3094 poena
698 3031 728 3080 in
744 3029 806 3080 loeo
825 3034 869 3080 est
886 3031 908 3079 A
936 3029 988 3078 hoe
1007 3043 1096 3092 poena

180 3099 211 3148 in
228 3099 247 3152 l.
268 3114 292 3149 e.
311 3105 334 3163 ψ
355 3094 366 3164 11
389 3098 454 3149 1008
473 3098 562 3162 eripui
579 3098 632 3148 sibi
650 3097 676 3147 E
695 3099 796 3162 eripuit
814 3097 881 3146 mihi
899 3098 924 3148 A
941 3092 953 3161 11
972 3097 1036 3146 1009
1054 3097 1096 3146 in·

180 3167 268 3216 citato
286 3182 308 3215 m
327 3182 365 3216 eu
386 3168 473 3216 citato
491 3167 593 3230 scripsi.
606 3163 618 3230 11
632 3167 696 3216 1010
714 3165 809 3230 pyrrhi
827 3165 851 3214 Ε
863 3163 874 3230 11
888 3167 953 3215 1013
972 3163 1053 3214 trahe
1071 3165 1096 3213 Ε
1196 3219 1200 3226 ,

184 3235 260 3286 Vuae.
280 3233 367 3284 trahit
385 3234 410 3283 A
428 3229 439 3299 11
464 3236 528 3284 lule
547 3247 643 3298 precer
661 3233 709 3296 Εψ
728 3247 825 3297 preces
844 3249 862 3282 α
886 3228 898 3298 11
922 3233 988 3282 1020
1006 3232 1096 3282 Dulce

138 3359 139 3364 ,
179 3301 309 3352 lamentis
327 3317 379 3351 res.
399 3303 423 3350 A
453 3301 543 3352 Dulce
563 3306 591 3350 et
609 3306 765 3351 maerentes
785 3315 836 3350 res¹
856 3301 882 3348 E
904 3296 915 3365 11
941 3301 1004 3350 1021
1025 3300 1096 3350 Leu-

179 3371 235 3420 tius
253 3371 400 3429 ALeuius
419 3382 432 3420 ε
455 3365 466 3434 11
491 3372 555 3421 1022
575 3369 672 3420 similis
690 3369 715 3418 Ε
732 3367 816 3418 simili
834 3370 859 3418 A
884 3364 895 3434 11
918 3369 1098 3432 frequentant

180 3439 221 3488 ed.
233 3437 316 3488 Bauli.
329 3445 352 3500 ψ
370 3437 531 3500 frequentat
544 3438 584 3488 εΑ
597 3434 608 3502 11
626 3439 690 3488 1023
703 3451 811 3500 semper
824 3437 859 3485 ah
872 3451 981 3502 semper
993 3451 1039 3486 eru.
1053 3445 1076 3500 ap
1088 3434 1096 3502 11

180 3510 225 3555 est
241 3505 379 3570 malignus
397 3506 423 3555 Ε
441 3507 500 3571 ipse
519 3519 635 3570 maguus
654 3505 678 3552 A
699 3509 727 3554 et
744 3513 903 3569 maguusp
926 3503 937 3569 11
