2516 3998
163 199 182 262 6
435 211 467 258 n.
493 210 630 256 aunam-
651 207 806 278 sennenn

163 371 230 412 nec
245 353 274 410 in
292 359 369 411 astra
386 347 466 411 lenta
483 350 582 410 ueniet
597 357 630 408 ut
645 347 779 407 Bacchus
794 348 852 407 uia.
1083 365 1107 407 r.
1118 369 1155 410 nu

164 437 239 497 iter
255 438 339 496 ruina
356 442 512 513 quaeret
528 443 557 493 et
571 451 665 493 uacuo
682 436 761 492 uolet

163 539 290 598 regnare
305 521 425 580 mundo.
450 519 559 578 robore
576 525 697 595 experto
715 523 817 576 tumet.

131 608 154 666 ε’
210 606 247 665 Et
262 624 348 682 posse
365 603 506 664 caelum
523 603 637 664 uiribus
654 603 731 660 uinci
746 602 805 660 suis

165 691 264 750 didicit
279 690 410 750 terendo.
435 687 564 748 subdidit
579 687 688 747 mundo
705 693 793 764 caput

164 775 328 851 meliusque
344 773 418 833 collo
436 773 511 833 sedit
526 771 666 832 herculeo
683 770 768 849 polus

165 879 230 920 nec
245 860 326 920 llexit
341 875 460 918 umeros
477 856 562 917 molis
578 858 729 916 inmensae
746 853 839 913 labor.

164 947 274 1004 inmota
291 945 392 1003 ceruix
410 942 505 1003 sidera
523 949 552 1002 et
567 939 681 1001 caelum
698 939 763 999 tulit

126 1054 131 1068 1
165 1038 194 1090 et
209 1047 257 1088 me
272 1036 466 1106 prementem.
491 1027 638 1103 quaerit
653 1023 689 1085 ad
705 1041 829 1102 superos
844 1025 951 1084 uiam.

53 1176 59 1183 ,
131 1125 148 1174 d
208 1114 303 1189 Perge
319 1115 361 1172 ira
378 1129 469 1191 perge
486 1121 515 1172 et
531 1128 634 1187 magna
652 1109 842 1169 meditantem
858 1111 1004 1186 opprime.

166 1197 361 1274 congredere.
386 1196 520 1257 manibus
536 1198 600 1273 ipsa
617 1195 742 1255 dilacera
759 1194 826 1254 tuis.

158 1283 235 1361 cquid
252 1289 332 1342 tanta
348 1283 470 1342 mandas
486 1282 570 1341 odia‘l
596 1279 748 1340 discedant
763 1279 853 1338 lerae.

165 1370 227 1446 ipse
244 1367 417 1444 imperando
434 1367 527 1426 lessus
542 1365 724 1442 Eurystheus
742 1371 834 1423 uacet.

123 1453 150 1512 d‘
211 1452 330 1512 Titanas
346 1469 433 1512 ausos
448 1468 588 1527 rumpere
604 1450 760 1527 imperium
777 1447 855 1507 louis

166 1539 276 1597 emitte.
306 1537 389 1597 siculi
406 1537 525 1596 uerticis
541 1534 604 1594 laxa
621 1552 752 1612 specum.

167 1621 253 1682 tellus
268 1623 386 1700 gigante
402 1621 487 1681 Doris
503 1637 626 1680 excusso
642 1628 773 1679 tremens

166 1709 318 1785 supposita
334 1709 460 1766 monstri
476 1704 551 1765 oolla
567 1703 688 1764 terrifici
703 1701 789 1784 leuet.

133 1817 147 1850 e
209 1790 350 1852 Sublimis
366 1791 437 1851 alias
453 1789 521 1851 luna
538 1789 685 1865 concipiat
700 1779 787 1846 ieras.

166 1875 217 1936 sed
234 1877 305 1935 uicit
321 1893 432 1935 omnes.
456 1875 574 1952 quaeris
588 1873 706 1934 Alcidae
723 1871 843 1947 parem‘l

168 1979 254 2020 nemo
272 1967 316 2019 est
332 1960 386 2018 nisi
403 1961 475 2035 ipse.
500 1957 577 2018 bella
593 1959 650 2017 iam
667 1974 767 2016 secum
785 1963 876 2033 gerat.

167 2045 263 2104 adslnt
277 2044 313 2104 ab
330 2045 389 2102 imo
405 2044 520 2103 Tartari
536 2043 627 2102 lnndo
644 2043 755 2103 excitae
1024 2113 1026 2118 Ι

167 2127 354 2193 Eumenides.
378 2129 475 2206 ignem
491 2127 646 2188 flammeae
662 2133 803 2204 spargant
818 2143 929 2185 cernae.

168 2215 288 2290 uiperea
305 2231 411 2272 saeuae
428 2212 554 2290 uerbera
571 2213 714 2272 incutiant
730 2227 843 2269 manus.

129 2299 156 2348 θ’
211 2297 319 2358 luunc
335 2296 472 2375 superbe,
490 2297 626 2357 caelitum
644 2296 729 2357 sedes
745 2303 821 2373 pete.

170 2385 295 2442 immane
313 2391 440 2460 tempne.
465 2384 523 2441 iam
541 2381 629 2460 Styga
647 2389 676 2440 et
691 2397 794 2440 manes
811 2379 895 2438 lerox

122 2479 124 2486 ’
168 2467 277 2544 fugisse
294 2468 408 2527 credis?
432 2468 481 2527 hic
496 2466 551 2526 tibi
567 2467 718 2526 ostendam
735 2464 857 2524 interos.

311 2635 314 2642 '
832 2633 844 2660 a

236 2670 268 2718 66
286 2669 363 2720 lenta
382 2670 410 2732 (a
428 2675 454 2719 in
475 2686 529 2720 ror.
547 2687 576 2718 nr.
595 2668 657 2728 aec.)
677 2668 702 2716 E
732 2663 743 2732 Η
778 2673 856 2718 uenit
879 2669 905 2715 V
930 2665 942 2732 Η
971 2674 1002 2718 ut
1021 2670 1088 2718 bac·

170 2737 247 2796 elma)
260 2739 351 2786 literae
370 2742 400 2784 ut
419 2739 470 2786 bae
487 2740 513 2786 in
531 2753 584 2786 roa.
598 2735 634 2784 Εε
657 2731 668 2801 Η
692 2737 723 2785 ct
743 2736 811 2783 Lter
830 2737 888 2786 EV
902 2738 977 2786 Inter
988 2737 1052 2786 1313
1065 2735 1077 2802 Η

169 2807 202 2854 68
221 2809 332 2869 experto
351 2805 445 2854 EVrlE
475 2821 594 2868 expenso
613 2803 649 2852 E²
668 2819 714 2867 rap.
735 2801 759 2850 Α
789 2799 800 2867 Η
829 2807 860 2855 72
879 2802 1032 2868 meliusque
1052 2803 1087 2853 E¹

169 2873 330 2935 mediusque
350 2874 398 2936 Αφ
422 2867 433 2938 Η
463 2873 494 2922 71
514 2871 674 2939 innisaq'lld]
703 2867 714 2935 Η
743 2889 767 2920 u.
789 2873 820 2920 72
840 2879 898 2922 onte
917 2889 941 2922 o.
960 2874 990 2920 71
1011 2875 1088 2921 collo·

169 2943 228 2990 carri
249 2938 261 3006 Η
286 2939 499 2989 liidilooeruEl
523 2941 578 2988 iam
596 2940 691 2988 lacera
708 2939 757 2987 VA
782 2935 793 3004 Η
817 2941 848 2988 81
863 2937 1087 3004 giganti{eruco

170 3007 237 3057 alil
256 3009 351 3056 dorica
368 3009 394 3056 V
418 3005 429 3074 Η
459 3011 491 3058 8⁶2
509 3010 625 3072 sequitur
642 3024 666 3055 u.
682 3010 734 3056 123
752 3009 778 3055 in
797 3008 887 3072 Mop,
911 3025 951 3059 ora
972 3011 1088 3058 83-89

169 3076 260 3126 obstent
285 3077 402 3139 litora,
431 3079 457 3125 in
479 3079 590 3139 morpine
624 3079 741 3138 lepuntur·
767 3075 817 3134 T²‚
862 3075 947 3124 atatim
973 3079 1089 3140 sequitur

169 3163 194 3193 o.
215 3146 263 3195 123
288 3146 405 3205 Brun,
436 3149 555 3192 secuntur
578 3161 618 3192 ico.
639 3145 686 3192 123
709 3144 757 3190 124
778 3143 811 3191 T²
846 3139 856 3208 Η
891 3144 925 3192 84
949 3159 1043 3194 omnes
1066 3143 1092 3190 V

171 3213 227 3260 ista
240 3213 290 3262 ΕΑ
308 3209 320 3277 Η
343 3212 546 3264 87flam1eeV
568 3207 579 3274 Η
609 3213 641 3260 89
661 3209 895 3275 eatE²mpdeoet
919 3206 931 3275 Η
960 3213 1030 3261 689
1048 3227 1089 3260 se-

172 3282 256 3342 quitur
277 3299 301 3330 u.
317 3283 364 3331 123
377 3281 402 3330 Α
422 3297 467 3330 om.
486 3278 535 3328 ER
543 3282 573 3326 11
584 3279 611 3326 V
613 3277 659 3338 T¹‚
678 3279 774 3341 primus
798 3282 824 3328 io
847 3281 1017 3342 suspicionem
1039 3295 1088 3328 oo-

171 3349 240 3395 oaot't
257 3349 437 3398 Bernardr’ous
461 3347 564 3397 Gellius.
603 3343 614 3412 Η
653 3347 786 3410 superbus
806 3347 942 3410 Anpeliouo
972 3351 1038 3396 alter
1067 3343 1079 3410 Η

172 3431 195 3461 u.
215 3416 248 3462 90
265 3422 324 3478 port
341 3434 365 3464 u.
384 3419 415 3465 91
432 3418 534 3480 positus
552 3413 585 3462 E¹
606 3431 674 3464 corr.
688 3412 731 3462 Ε2
744 3411 755 3481 Η
769 3415 846 3464 ferox
863 3412 924 3464 VE²
944 3413 971 3478 (x
984 3419 1010 3463 in
1022 3415 1090 3477 ras.)

173 3481 197 3529 Α
222 3481 296 3530 feros
319 3482 423 3532 Vratiai.
447 3479 458 3550 Η
