2502 3978
517 207 685 256 Pnauuna

143 368 211 410 eum
227 349 323 427 prima
340 365 430 426 puras
446 346 537 407 barba
555 347 685 424 signaret
701 365 791 423 genas

139 434 325 512 monstrique
342 449 459 492 caecam
476 433 572 507 gnosii
587 432 664 492 uidit
679 431 799 491 domum

140 525 170 578 et
184 518 272 594 longa
289 534 380 576 curua
395 515 442 577 fila
459 515 577 592 collegit
591 518 651 576 uia'.

102 603 129 662 d‘
186 601 258 672 Quis
272 609 335 662 tum
350 599 399 660 ille
415 600 532 662 fulsit.
562 608 732 678 presserant
748 602 835 660 uittae
852 618 981 670 cumam,

141 695 171 748 et
186 705 238 748 oua
255 686 350 746 llauus
366 694 467 747 tenera
483 684 636 764 tinguebat
650 675 755 762 pudor.

139 775 259 832 inerant
272 771 391 831 lacertis
407 769 544 830 mollibus
560 770 653 830 sortes
668 772 726 830 tori

139 867 267 932 tuaeque
282 854 419 916 Phoebes
434 854 560 915 uultus
575 863 625 916 aut
640 853 753 914 Phoebi
768 855 826 916 nuei

122 948 248 1002 tuusne
264 943 370 1018 potius.
382 959 385 965 ·
399 938 518 1000 talisen
534 938 600 999 talis
615 941 671 1000 luit

109 1046 120 1064 ·
140 1044 209 1086 eum
224 1024 335 1105 placuit
349 1025 437 1086 hosti.
467 1027 511 1084 sie
526 1023 592 1084 tulit
607 1021 717 1084 celsum
734 1033 832 1102 caput.
867 1083 869 1092 ,

108 1119 127 1168 d
183 1109 216 1170 lu
233 1118 261 1168 te
277 1111 370 1187 magis
385 1105 554 1186 refulget
568 1110 737 1186 incomptus
753 1110 843 1175 decor

140 1203 171 1254 et
186 1195 302 1271 genitor
317 1195 346 1252 in
363 1200 393 1254 te
407 1200 497 1254 totus.
528 1200 557 1252 et
572 1201 676 1253 toruae
693 1201 790 1253 tamen

138 1295 211 1357 pars
227 1278 322 1356 aliqua
339 1279 441 1338 matris
457 1279 561 1338 miscet
577 1296 611 1338 ex
628 1296 722 1356 aequo
739 1278 841 1340 decus:

139 1365 172 1422 in
188 1381 240 1422 one
257 1365 339 1440 graio
355 1363 504 1442 scythicus
519 1370 642 1440 apparet
657 1365 749 1440 rigor.

140 1449 165 1507 si
182 1465 249 1508 eum
266 1456 390 1524 parente
405 1448 548 1509 creticum
563 1448 705 1508 intrasses
720 1447 827 1508 laetum

139 1531 195 1592 tibi
209 1531 256 1591 fila
273 1533 370 1610 potius
385 1540 485 1593 anostra
503 1533 632 1592 neuisset
647 1549 742 1592 soron.

103 1618 131 1676 d'
188 1615 229 1676 Te
245 1625 274 1676 te
289 1632 375 1676 soror
391 1635 577 1695 quacumque
592 1616 705 1676 siderea
722 1615 782 1693 poli

140 1702 173 1760 in
188 1707 272 1778 parte
288 1699 412 1778 fulges
427 1703 534 1762 inuueo
551 1701 586 1760 ad
603 1717 721 1760 causam
739 1718 852 1778 parem.

66 1848 70 1858 ,
141 1785 248 1845 domus
263 1803 384 1846 sorores
400 1803 458 1846 una
475 1786 619 1864 corripuit
635 1784 716 1844 duas.

140 1877 171 1930 te
187 1871 302 1946 genitur
317 1878 347 1929 at
362 1889 409 1930 me
426 1878 540 1947 gnatus.
572 1888 609 1930 en
625 1869 748 1948 supplex
766 1870 841 1928 iacet

51 1961 56 1972 '
141 1953 261 2031 adlapsa
276 1952 401 2032 genibus
417 1956 516 2032 regiae
531 1954 630 2031 proles
646 1953 762 2014 domus.

140 2055 279 2115 respersa
295 2037 374 2098 nulla
392 2037 458 2098 labe
474 2047 504 2100 et
518 2039 625 2100 intaeta
642 2040 794 2100 innocens.

110 2149 126 2182 e
185 2122 252 2182 Tibi
268 2131 367 2182 mutor
383 2124 445 2184 uni.
477 2131 557 2184 certa
574 2123 714 2186 descendi
729 2123 766 2183 ad
782 2140 903 2200 preces:

139 2208 230 2267 linem
247 2207 296 2267 hie
311 2207 407 2268 dolori
422 2209 510 2268 saciet
524 2215 574 2270 aut
589 2209 666 2268 uitae
682 2209 755 2268 dies.

139 2293 284 2353 miserere
300 2293 433 2352 amantis.

139 2389 234 2437 HIPP.
459 2395 566 2456 magne
582 2385 722 2454 regnator
738 2375 840 2444 deum,

141 2470 202 2521 tam
218 2461 316 2522 lentus
332 2461 413 2522 audis
428 2461 560 2522 scelera?
583 2467 642 2520 tam
658 2460 755 2520 lentus
771 2460 870 2520 uides?

114 2556 128 2604 f
185 2546 347 2623 Ecquando
363 2563 450 2608 saeua
467 2545 578 2606 fulmen
595 2547 712 2606 emittes
727 2563 816 2604 manu

139 2632 166 2690 si
181 2648 262 2690 nune
277 2648 416 2692 serenum
433 2632 496 2690 est?
520 2631 616 2690 omnis
631 2628 765 2708 inpulsus
780 2637 845 2690 ruat

211 2952 262 3000 660
278 2951 350 2999 flaui
367 2953 399 3000 ei.
418 2951 469 3001 Bo.
486 2947 497 3016 ΙΙ
515 2943 643 3015 tingebat
661 2951 744 3000 rubor
762 2951 785 2999 A
809 2951 956 3016 tinguebat
973 2947 1061 3013 pudor

50 3069 61 3086 ,
140 3019 169 3068 E
185 3014 199 3084 ss
215 3019 263 3068 662
283 3022 385 3069 tuaeue
404 3019 445 3068 Αε
464 3023 594 3082 tuaeque
612 3017 663 3070 Bo,
680 3014 691 3084 ll
708 3020 757 3069 663
776 3022 894 3082 tuusque
913 3033 934 3067 ω
951 3021 1059 3065 tuusne

144 3085 193 3137 Bo.
208 3093 234 3134 et
246 3084 314 3135 Bau.
329 3102 343 3134 e
355 3087 502 3136 coniectura
513 3088 565 3135 uiri
575 3087 646 3135 docti
662 3087 796 3150 adempta
807 3101 888 3150 marg.
901 3086 942 3136 ed.
955 3083 1058 3134 Fauen.

141 3152 222 3218 (quae
240 3159 279 3202 est
296 3155 322 3201 in
340 3153 397 3202 bibl.
415 3155 483 3205 unia.
502 3153 668 3218 Hafniensis)
681 3149 692 3220 ll
704 3155 754 3202 666
774 3158 826 3202 est
846 3153 896 3216 (uel
914 3149 964 3214 an)
983 3149 1061 3215 geni·

139 3227 187 3270 tor
210 3221 242 3270 ei.
260 3221 336 3270 NHe.
360 3216 371 3286 ΙΙ
395 3227 489 3271 toruus
507 3221 531 3270 A
560 3225 634 3270 totus
651 3221 718 3270 uus
740 3217 752 3286 ΙΙ
775 3222 824 3272 668
843 3224 922 3284 grato
942 3235 961 3268 α
1002 3217 1061 3266 raio
1123 3281 1128 3288 .

70 3301 72 3303 ·
141 3288 193 3352 Εψ
214 3283 227 3353 ΙΙ
246 3288 297 3338 670
314 3287 469 3340 nauidisset
485 3289 510 3338 E
530 3284 542 3354 ll
562 3290 611 3338 671
631 3289 734 3338 siderei
752 3288 777 3337 A
801 3289 917 3352 syderea
934 3285 960 3335 E
979 3281 983 3350 l
1011 3286 1062 3336 673

141 3355 213 3406 duas
235 3371 305 3406 eoas.
324 3371 360 3408 ecc
377 3357 452 3406 riuas
471 3353 516 3419 (7)
536 3356 561 3405 Ε
581 3353 592 3421 ll
613 3358 663 3406 677
681 3357 775 3405 mittor
793 3355 818 3404 A
837 3359 927 3404 mutor
945 3367 958 3404 ε
974 3349 986 3418 ll
1006 3351 1063 3404 <lis-

143 3422 227 3472 cendi
245 3421 298 3488 ΕΙΙ
315 3425 365 3474 679
383 3423 520 3473 ΡΗΟΕΙ).
540 3439 639 3488 magne
658 3421 703 3486 El,
722 3425 757 3472 ad
773 3437 821 3486 mg.
840 3423 918 3474 YPP.
936 3418 948 3488 Η
965 3423 1013 3472 681
1034 3425 1063 3472 et

142 3490 255 3554 quando
273 3491 322 3555 Εψ
343 3491 486 3554 ecquando
500 3507 519 3540 α
531 3487 542 3556 ll
556 3493 665 3540 emittes
680 3491 702 3539 A
722 3491 825 3540 emittis
844 3490 868 3538 Ε
891 3486 902 3556 ΙΙ
