2440 3966
396 216 579 265 nanevnus
596 202 788 287 [nannum]
984 201 1045 265 451

216 350 324 437 nempe
339 356 459 428 Alcides,
471 355 605 418 mortalis
620 355 684 416 obit

217 460 325 520 nempe
341 441 485 522 sepultus.
517 442 654 520 quotiens
668 439 734 503 telis

217 526 392 604 facibusque
408 527 466 588 tuis
481 525 530 587 ille
546 527 689 605 pepercit.

215 613 351 692 quotiens
367 612 443 690 ignis
458 611 643 690 spargendus
659 619 733 672 erat.

214 697 244 756 in
260 716 308 758 me
324 695 427 758 saltem
442 695 572 757 iaculare
589 695 682 757 lacem

216 779 412 859 Semelenque
427 789 507 859 puta.

257 949 357 1010 Iamne
373 948 511 1030 elysias
527 968 544 1008 ο
560 959 628 1010 nate
643 949 786 1020 domus,

216 1035 272 1095 iam
288 1034 358 1095 litus
373 1033 485 1096 hahes?

215 1119 250 1180 ad
267 1138 342 1198 quos
357 1117 482 1199 populos
500 1151 641 1166 ·····
658 1153 699 1162 —
894 1130 916 1171 r.
931 1130 1014 1172 cumn
1068 1129 1133 1178 1925

214 1213 318 1265 natura
335 1203 439 1265 uocat?

213 1307 250 1350 an
267 1295 334 1368 post
349 1298 468 1367 raptum
484 1289 555 1367 Styx
572 1296 634 1348 atra
649 1306 752 1349 canem

216 1405 356 1418 ·····
374 1406 415 1417 -
431 1373 590 1452 praeclusit
604 1375 660 1433 iter

215 1464 301 1534 teque
317 1458 347 1515 in
362 1457 459 1534 primo
473 1456 575 1517 limine
591 1457 664 1518 Ditis

201 1541 272 1600 ‘lata
289 1541 464 1601 morantur?

256 1709 327 1781 Quis
342 1727 422 1769 nunc
438 1708 588 1770 umbras
603 1717 671 1770 nate
686 1708 829 1769 tumultus

214 1811 405 1873 manesque
419 1793 519 1854 tenet?

214 1878 290 1957 fugit
306 1877 433 1938 abducta
449 1879 547 1938 nauita
563 1877 671 1938 cumba

214 1971 243 2024 et
258 1963 412 2024 Centauris
428 1961 555 2024 thessala
571 1964 659 2024 motis

214 2048 282 2108 serit
297 2050 437 2108 attonitos
453 2046 563 2124 ungula
579 2066 683 2110 manes

213 2151 383 2211 anguesque
399 2150 470 2193 suos

211 2216 304 2297 hydra
320 2216 375 2277 sub
393 2217 486 2278 undas
501 2218 604 2278 territa
621 2219 724 2277 mersit

211 2311 300 2381 teque
315 2300 433 2363 labores
449 2320 467 2361 ο
483 2310 551 2362 nate
566 2302 713 2362 timent?

255 2468 355 2530 Faller
371 2468 456 2530 fallor
472 2488 598 2532 uaesana
614 2469 716 2532 lunens

212 2571 268 2615 nec
285 2562 314 2615 le
330 2572 454 2614 manes
469 2553 696 2633 umbraeque
711 2557 858 2616 timent:
1065 2567 1131 2616 1940

213 2656 273 2698 non
289 2637 420 2717 argolico
435 2639 518 2715 rapta
535 2639 613 2699 leoni

198 2861 266 2908 1919
281 2857 407 2908 mortalis
424 2873 449 2908 ο.
469 2873 496 2908 n.
516 2858 642 2922 sepultus
659 2860 722 2910 haee
740 2876 785 2910 um.
803 2877 821 2926 p
838 2856 849 2926 ll
867 2861 927 2911 abit
945 2859 970 2908 Ε
988 2859 1048 2909 obit

128 2927 153 2976 A
174 2921 187 2991 ll
208 2927 274 2976 1918
292 2927 399 2976 totiens
420 2925 471 2976 GR.
484 2921 599 2991 lintellis
618 2926 643 2975 Ε
661 2928 724 2978 telis
742 2929 767 2978 A
787 2929 918 2992 quociens
937 2927 1019 2976 tellus
1039 2929 1043 2989 Ι

126 2994 231 3058 Nempe
252 2992 356 3044 alcides
373 2991 469 3044 meilis
487 2994 547 3044 obit
562 2989 681 3061 9111922
699 3000 775 3045 tuam
793 2993 819 3044 E
837 2999 906 3060 puta
919 2995 941 3044 A
955 2990 1047 3060 111925

126 3063 168 3112 Aa
186 3059 258 3126 quod
278 3059 357 3126 (quos
376 3069 394 3112 t.
409 3062 484 3112 NHs.
497 3069 523 3111 et
534 3063 573 3112 ric
583 3063 610 3128 p)
630 3063 744 3128 populos
761 3062 765 3123 Ι
780 3064 822 3111 An
835 3066 899 3126 post
911 3066 1020 3125 raptum
1041 3063 1045 3123 Ι

124 3163 235 3212 Nature
252 3167 350 3212 uuest
375 3161 380 3226 Ι
406 3162 474 3226 Styx
493 3138 542 3214 ath
560 3165 586 3222 (r
602 3180 644 3228 pr.
663 3163 706 3225 m.)
731 3177 827 3212 canem
846 3161 949 3230 pelusii
966 3162 1021 3212 iter
1040 3163 1044 3224 Ι

126 3231 221 3294 Teque
234 3236 282 3281 etc.
302 3229 327 3278 Ε
345 3231 404 3280 Iam
423 3230 440 3282 l.
460 3231 497 3293 h.‚
518 3231 553 3281 ad
572 3230 643 3296 quod
661 3229 776 3296 populos
791 3229 796 3290 1
811 3231 919 3280 Natura
937 3233 1046 3281 uocat?

127 3313 164 3348 an
181 3304 244 3362 post
262 3302 372 3363 raptum
387 3302 392 3358 Ι
408 3298 475 3362 Styx
494 3305 556 3350 utra
575 3313 673 3348 canem
692 3297 845 3362 praeclusit
861 3297 916 3347 iter
930 3295 935 3363 1
950 3297 1045 3363 Teque

126 3374 176 3418 ete.
194 3366 219 3414 A
243 3361 255 3432 ΙΙ
278 3368 328 3417 duo
346 3368 468 3432 strophae
487 3360 512 3416 d'
531 3366 689 3417 hemistichia
706 3368 824 3414 uidentur
847 3366 1009 3416 intercidisse
1030 3367 1042 3430 ΙΙ

127 3435 193 3483 1937
219 3433 268 3482 sub
292 3434 381 3485 undae
403 3434 466 3499 Εψ
496 3436 547 3484 sub
569 3433 661 3483 undis
680 3449 698 3482 α
727 3429 738 3498 Η
769 3435 834 3484 1939
857 3433 952 3484 Fellor
969 3438 1047 3485 semei

126 3496 283 3567 Essfurena
302 3502 327 3550 Ε
345 3517 446 3566 parens
465 3498 594 3570 Aulaeo
611 3504 709 3552 tenent
725 3501 752 3549 E
769 3503 867 3552 timent
885 3504 910 3553 A
934 3498 946 3569 ΙΙ

773 3583 841 3647 29*
