2516 3998
185 214 251 262 vm
560 212 758 261 PRAEFATIO

188 392 218 431 ac
241 375 300 430 sinc
321 372 414 430 labore
435 373 582 447 conposuit
601 390 652 430 nec
675 381 706 429 ut
721 373 837 447 'quidam
857 380 957 447 putant
978 372 1063 430 aliena
1083 393 1135 448 pro

187 461 244 516 suis
265 458 357 514 edidit.
394 458 497 514 Venere
518 459 546 512 in
567 474 662 513 manus
684 474 757 514 meas
778 457 976 532 pugillares
996 458 1135 515 libelli·

187 559 252 617 que
279 561 351 600 cum
375 543 580 616 quibusdam
607 543 805 599 notissimis
829 543 992 600 uersibus
1020 543 1134 616 ipsius

187 628 432 703 chirographo
454 627 620 701 scriptis,
641 635 673 683 ut
687 627 766 684 lacile
788 635 934 703 appareret
949 644 1003 684 non
1020 627 1136 686 tralatos

187 722 234 769 aut
255 712 374 770 dictante
402 711 494 785 aliquo
516 719 659 785 exceptos,
691 712 735 768 sed
758 713 838 786 plane
860 715 938 787 quasi
958 730 972 768 a
995 716 1135 786 cogitante

185 807 268 872 atque
284 805 438 869 generante
459 804 597 860 exaratos;
628 799 672 856 lta
690 796 798 854 multa
825 807 857 854 et
881 794 995 874 deleta
1022 807 1055 854 et
1080 801 1132 854 in·

188 883 291 938 ducta
313 890 346 938 et
369 881 614 955 superscripta
635 883 813 938 inerant‘t
843 881 937 957 Neque
958 881 1006 938 abs
1025 899 1056 938 re
1078 885 1134 938 erit

185 966 311 1022 attulisse
327 981 396 1039 qnae
410 965 493 1023 Leoni
511 983 561 1024 suo
578 965 705 1024 Sidonius
721 967 816 1023 scribit
831 984 893 1041 epp.
911 967 965 1022 Vlll
981 968 1000 1025 3
1016 967 1052 1041 (p.
1068 966 1132 1024 462

186 1049 324 1123 Seuero),
329 1051 480 1124 ,Apollonii
496 1051 670 1126 Pythagorici
683 1053 770 1108 uitam
786 1068 842 1108 non
858 1061 890 1108 ut
904 1051 1132 1117 Nicomachus

186 1137 279 1192 senior
300 1134 562 1199 ePhilostrati,
586 1137 632 1194 sed
653 1145 684 1192 ut
700 1136 891 1209 Tascius(?)
907 1136 1131 1193 Victorianus

124 1253 132 1262 -
186 1220 577 1278 eNicomaclrischedio
600 1223 805 1296 exscripsit,
829 1223 1039 1294 quiaiusseras,
1054 1222 1131 1277 misi:

124 1358 126 1362 .
184 1322 266 1378 qnam
286 1305 350 1361 dum
373 1322 470 1379 parere
490 1306 591 1362 festino
614 1306 754 1368 celeriter,
786 1308 867 1363 eiecit
893 1306 956 1378 (anz
979 1299 1132 1377 coniecitl)

183 1390 211 1444 in
244 1389 452 1446 tumultuarium
482 1390 619 1464 exemplar
645 1391 753 1448 turbida
785 1399 812 1447 et
837 1394 968 1465 praeceps
997 1398 1024 1447 et
1052 1390 1132 1464 opica

182 1474 399 1531 translatio‘c
373 1475 419 1546 (cf
436 1474 465 1531 Ο.
481 1474 558 1532 Jahn.
574 1476 632 1530 ller.
649 1475 697 1531 der
713 1474 805 1532 Sa'rchs.
821 1476 882 1533 Ges.
903 1478 928 1533 d.
945 1477 1028 1531 Wiss.
1047 1473 1128 1532 1851

185 1558 290 1632 p335
308 1557 423 1633 sor-ti)

249 1643 342 1717 Neque
357 1661 426 1700 uero
442 1643 558 1700 schedae
579 1663 594 1700 a
609 1644 638 1699 L
655 1648 685 1700 Α.
703 1645 804 1702 Seneca
820 1647 938 1718 scriptae
959 1623 1025 1702 alias
1040 1646 1130 1700 couti·

181 1727 283 1785 nebant
303 1726 408 1785 fabulas
435 1727 489 1785 nisi
509 1729 617 1802 priores
638 1738 729 1786 octo.
754 1729 820 1785 Nam
848 1745 917 1802 quae
939 1729 967 1783 in
989 1727 1129 1784 codicibus

182 1822 315 1869 secuntur
333 1815 541 1885 Agamemno
570 1821 597 1868 et
618 1813 789 1870 Hercules
816 1812 906 1870 alter
931 1829 977 1868 eas
1002 1829 1129 1885 neqnea

179 1895 345 1970 philosopho
366 1898 428 1970 ipso
449 1912 539 1971 neque
560 1896 593 1954 ab
622 1896 728 1970 aequali
750 1898 865 1970 quodam
887 1897 1043 1970 conpositas
1066 1911 1129 1951 esse

182 1981 343 2037 certissimis
359 1981 528 2054 argumentis
539 1989 633 2054 potest
648 1980 798 2054 cuiuci**).
823 1981 896 2050 Quas
912 1981 958 2053 qui
974 1997 1128 2053 conposue-

167 2073 246 2134 rnnt
267 2082 322 2121 non
350 2065 438 2122 solum
459 2082 548 2139 neque
576 2069 603 2122 in
627 2069 736 2129 metris.
767 2065 918 2141 anapaestis
945 2066 1127 2139 potissimum,

181 2149 329 2206 condendis
351 2158 379 2206 et
400 2153 427 2206 in
444 2147 575 2206 diuerbiis
597 2152 744 2208 secundum
767 2151 855 2224 legem
876 2151 1041 2225 strophicam
1063 2167 1129 2206 con·

181 2234 327 2290 stituendis
354 2235 386 2290 ad
408 2243 579 2291 constantem
601 2235 720 2294 Senecae
741 2253 865 2292 normam
891 2253 921 2292 se
943 2236 1127 2296 accinxerunt,

181 2319 375 2374 uerum‘etiam
391 2321 418 2374 in
434 2321 508 2375 iusto
524 2336 701 2394 personarum
717 2338 832 2378 numero
849 2321 984 2378 seruando
1000 2319 1027 2374 in
1039 2319 1127 2376 choro

181 2402 334 2458 adhibendo
357 2403 439 2476 inque
462 2403 521 2460 aliis
537 2404 631 2461 multis
646 2404 730 2461 rebus
745 2406 778 2460 ad
800 2400 974 2478 οἰκονομίαν
988 2405 1128 2478 pertinen·

181 2486 255 2544 tibus
278 2507 292 2544 a
315 2489 501 2546 seuerioribus
525 2490 592 2546 artis
614 2491 768 2563 praeceptis
793 2498 969 2546 recesserunt
991 2497 1019 2544 et
1038 2490 1127 2544 mani-

181 2571 250 2628 festa
267 2580 330 2629 octo
346 2574 469 2644 priorum
487 2575 689 2646 tragoediarum
705 2575 856 2630 imitatione
870 2591 924 2630 uon
938 2575 1029 2629 minus
1045 2590 1126 2646 quam

180 2673 233 2730 quo
256 2656 298 2710 usi
320 2663 385 2712 snut
400 2656 506 2714 dicendi
523 2675 623 2728 genere
645 2660 678 2712 ab
699 2674 836 2714 annaeano
857 2673 913 2712 non
928 2657 1034 2712 modice
1050 2657 1128 2714 dille·

178 2748 258 2795 rente
281 2741 431 2796 imitatores
454 2756 514 2797 sese
533 2740 662 2814 produnt.
699 2741 754 2796 Hae
769 2741 855 2810 igitur
870 2737 991 2800 fabulae,
1014 2756 1075 2794 cum
1098 2744 1126 2796 in

179 2833 324 2898 utramque
345 2827 532 2883 recensionem
556 2842 600 2882 cas
622 2825 765 2880 transiisse
785 2831 906 2886 constet,
928 2832 992 2897 post
1007 2822 1128 2882 Senecae

179 2918 295 2967 mortem
317 2909 349 2966 ab
366 2911 406 2968 eis
422 2913 468 2984 qui
483 2909 592 2967 libellos
608 2909 808 2983 tragoediarum
831 2908 864 2964 ab
885 2925 917 2964 eo
932 2907 1043 2965 relictos
1058 2927 1126 2982 pos-

193 3137 195 3142 .
247 3107 274 3174 r)
294 3109 337 3159 De
351 3109 540 3160 Gracchorum
553 3109 695 3160 ciceronis
708 3091 828 3174 Vergilii
845 3107 1015 3173 idiographis
1029 3123 1055 3156 u.
1068 3107 1127 3156 Pti-

178 3177 240 3227 nius
252 3192 279 3226 n.
291 3177 318 3227 h.
337 3193 392 3226 1111
406 3178 439 3228 83
460 3177 486 3227 J.
501 3176 609 3228 Gellius
621 3193 678 3228 x111
691 3179 753 3228 214
775 3193 798 3226 11
812 3180 827 3228 3
839 3179 855 3227 ὅ
876 3191 944 3227 v1111
959 3177 991 3224 14
1004 3178 1018 3225 7
1040 3191 1050 3224 1
1064 3177 1095 3224 21
1109 3178 1125 3225 2

179 3243 368 3306 Quintilianus
381 3260 392 3293 1
406 3247 421 3294 'l
433 3246 474 3296 20.

246 3311 290 3372 **)
311 3313 372 3362 Has
390 3311 458 3361 duas
476 3311 586 3362 fabulas
601 3329 617 3362 a
630 3312 737 3362 Seneca
749 3313 868 3377 scriptas
886 3326 947 3361 esse
959 3311 1074 3375 negauit
1090 3309 1123 3360 R.
1137 3374 1139 3378 .

177 3377 323 3429 Bentleius
336 3396 429 3442 opusc.
445 3379 487 3430 ed.
500 3381 576 3444 Lips.
589 3396 615 3444 p.
630 3383 689 3432 232.
717 3379 765 3430 Α11
754 3384 796 3430 ter
811 3385 933 3430 nostrum
948 3379 993 3443 qui
1009 3379 1038 3426 in
1050 3392 1126 3427 com-

177 3448 263 3498 ment
287 3445 320 3496 de
338 3446 401 3496 Seu.
419 3452 491 3513 trag.
511 3452 584 3498 auct.
603 3447 739 3513 Oedipum
761 3462 870 3512 quoque
893 3447 921 3496 in
943 3445 1124 3510 suspitionem

177 3512 303 3576 uocauit,
323 3512 356 3562 de
368 3511 421 3565 hec
433 3516 563 3581 opinione
575 3515 681 3582 pridem
694 3515 859 3568 recessit..
