2550 3978
153 161 217 225 294
435 181 466 226 u.
483 181 615 229 aurum
632 181 792 230 spurcae

152 325 304 394 praestare
319 321 430 378 meritis
446 321 594 397 coniugis:
617 321 676 382 leto
692 323 747 382 luit

153 411 242 480 caput
257 402 467 474 obserendum,
485 407 509 463 si
525 408 602 464 muri
617 406 742 466 nollem:
767 407 824 466 lide

151 488 260 547 misero
276 489 447 549 carendum.
479 507 540 550 non
556 491 645 550 timor
660 493 733 550 uicit
747 490 836 550 iidem

151 572 203 631 sed
220 573 333 652 trepida
350 575 456 652 pietas:
482 575 592 652 quippe
607 582 783 654 sequeretur
799 594 875 636 nece

151 654 251 733 proles
265 667 429 736 parentem.

471 741 637 804 Osancta
653 746 677 804 si
693 744 808 805 caelum
825 744 932 807 incolis

149 825 260 886 lustitia
277 844 386 887 numen
404 829 510 888 iuucco
526 847 561 888 ac
576 835 668 888 testor
685 837 783 898 tuum,

150 912 231 988 gnati
247 919 361 988 patrem
378 913 488 972 uicere.
520 915 590 992 quin
609 915 702 990 ipsam
719 931 838 994 quoque

149 997 204 1054 etsi
219 995 303 1056 lercx
319 1004 364 1056 est
378 997 468 1057 corde
484 1015 539 1057 nec
554 999 669 1075 patiens
684 999 746 1074 iugi

149 1078 306 1142 consulere
324 1083 398 1141 natis
415 1080 500 1141 malle
517 1100 605 1161 quam
621 1081 756 1142 thalamis
772 1101 851 1144 recr.

148 1166 300 1225 constituit
315 1167 430 1227 animus
446 1166 585 1243 precibus
601 1168 705 1227 iratam
722 1168 853 1245 aggredi.

148 1256 237 1327 atque
253 1267 322 1309 ecce
338 1252 402 1311 uiso
418 1258 527 1311 memet
542 1251 643 1311 exiluit
659 1253 745 1311 furit:

149 1334 208 1393 lert
223 1334 289 1394 odia
305 1353 377 1413 prae
393 1353 425 1396 se
440 1343 520 1395 totus
535 1337 566 1394 iu
582 1335 666 1396 uultu
683 1343 727 1396 est
743 1335 837 1396 dolor.

116 1421 147 1472 b⁰
195 1431 280 1477 Mul).
304 1419 545 1497 Fugimuslascn
562 1420 699 1496 sugimus.
730 1420 787 1480 hoc
804 1439 862 1480 nou
881 1431 927 1483 est
941 1441 1053 1486 nouum
1086 1433 1138 1483 450

149 1513 265 1563 mutare
280 1504 379 1571 sedes,
398 1523 484 1564 causa
502 1505 631 1582 fugiendi
647 1524 726 1564 noua
742 1514 799 1565 est:

149 1605 203 1664 pro
219 1594 248 1647 te
265 1587 396 1649 solebam
414 1589 526 1667 lugere.
558 1589 677 1650 discede
694 1607 781 1650 emec¹

149 1671 305 1749 penatibus
320 1675 480 1752 profugere
496 1692 583 1752 quam
600 1677 681 1752 cogis
697 1675 764 1734 tuis.

116 1778 133 1810 a
192 1757 243 1816 Ad
259 1776 352 1836 quos
367 1759 551 1818 remittis?
573 1759 681 1818 Phasin
697 1767 726 1818 et
742 1757 868 1818 Colchos
883 1768 982 1839 petam

149 1844 337 1920 patriumque
352 1859 479 1919 reguum
496 1861 629 1922 quaeque
645 1845 793 1903 fraternus
809 1862 899 1904 cruor
1085 1856 1138 1905 455

149 1925 280 2004 perfudit
296 1927 386 1987 aruai
410 1946 482 2007 quas
498 1931 558 2006 peti
573 1937 669 1988 terras
685 1927 788 1989 iubes?

150 2028 224 2088 quae
241 2014 332 2072 maria
349 2014 514 2073 monstras?
538 2014 651 2090 pontici
667 2015 767 2073 fauces
783 2012 851 2072 freti
893 2084 896 2090 ¹

149 2113 204 2172 per
220 2113 293 2173 quas
308 2099 411 2157 reuexi
426 2096 556 2157 nobilem
573 2115 676 2176 regum
694 2115 820 2167 manum¹

148 2178 316 2240 adulterum
332 2188 431 2242 secuta
446 2201 501 2260 per
517 2181 746 2262 Symplegadas?

149 2282 312 2342 paruamne
328 2265 430 2326 lclccu
445 2265 571 2326 thessala
587 2285 623 2326 au
640 2267 752 2346 Tempe
767 2268 885 2345 petam?
1087 2278 1139 2326 460
1204 2291 1208 2300 =

150 2367 352 2428 quascumque
368 2352 469 2430 aperui
485 2351 537 2411 tibi
554 2353 615 2411 uias
632 2350 722 2412 clausi
738 2351 819 2411 milri.
910 2349 912 2352 ’

116 2431 141 2490 a'
195 2433 270 2504 Quo
287 2453 340 2495 me
356 2436 540 2496 remittis?
564 2435 631 2495 exul
647 2437 766 2496 exilium
782 2437 911 2514 imperas
957 2431 964 2466 ·'

149 2535 205 2577 nec
220 2519 281 2579 das.
313 2527 405 2580 eatur.
436 2522 535 2597 regius
550 2522 634 2581 iussit
650 2539 758 2598 gener:

151 2601 223 2661 nihil
240 2621 355 2664 recuso.
387 2605 450 2664 dira
467 2605 610 2683 supplicia
627 2607 764 2681 ingeret.

151 2689 255 2746 merui.
288 2691 419 2749 cruentis
434 2688 577 2766 paelicem
593 2692 697 2768 poenis
712 2697 829 2768 premat

151 2771 259 2847 regalis
276 2773 319 2832 ira
335 2773 460 2834 uinculis
476 2783 580 2834 oneret
596 2793 701 2836 manus

146 2855 340 2936 clausamque
357 2875 426 2917 saxo
443 2860 536 2918 noctis
552 2866 690 2920 aeternae
707 2858 831 2918 obruat:

218 3063 269 3110 439
292 3062 376 3110 nolim
398 3063 424 3111 Α
454 3061 553 3110 nollem
577 3061 602 3110 E
631 3059 643 3128 ll
670 3064 722 3113 440
741 3062 890 3112 carendum
908 3067 952 3111 est
970 3063 995 3111 Α
1027 3065 1070 3111 est

151 3144 198 3178 om.
207 3128 233 3176 E
228 3125 256 3244 El!
268 3129 355 3178 uincit
368 3131 456 3178 uirum
469 3131 493 3178 Α
512 3130 582 3179 uicit
595 3129 627 3193 (t.
642 3130 700 3196 Gr.)
719 3129 798 3179 fidem
811 3129 836 3178 Ε
846 3126 858 3194 (Ι
870 3131 919 3178 441
934 3144 1030 3179 necem
1043 3130 1069 3178 Α

151 3196 216 3244 neci
271 3212 342 3246 nece
357 3198 434 3248 Grec.
446 3193 458 3262 [Ι
470 3199 520 3246 442
540 3205 685 3262 parentum
698 3215 719 3248 ω
737 3203 890 3261 parentem
905 3192 1069 3260 6441411456

153 3261 321 3322 Quintilianus
337 3265 390 3314 IX.
403 3269 428 3317 2.
443 3267 473 3314 8:
492 3269 540 3314 ‘ut
552 3265 651 3314 Medea
672 3266 745 3329 apud
764 3266 912 3316 Senecam:
931 3278 998 3328 quas
1011 3264 1071 3328 pati

151 3335 241 3380 terras
254 3334 367 3383 iubesi'
384 3329 395 3399 ΙΙ
412 3334 462 3382 458
476 3333 585 3383 nobiles
597 3349 618 3384 r.
633 3349 730 3383 manus
743 3335 766 3382 Α
786 3319 907 3382 nobilem
925 3347 945 3380 r.
959 3326 1070 3380 manum

152 3396 177 3444 E
189 3393 200 3463 ll
215 3399 266 3450 459
279 3400 433 3450 adulterum
446 3401 472 3449 E
487 3398 499 3468 H
515 3403 565 3451 460
578 3400 695 3450 colchon
707 3409 730 3463 ψ
749 3401 847 3450 colcon
859 3400 908 3449 Etr
920 3399 1013 3450 iclcon
1026 3415 1045 3448 α
1062 3397 1066 3464 l

151 3471 218 3514 ante
231 3473 378 3532 paepetam
391 3470 415 3517 E
428 3484 464 3530 aa
478 3475 567 3534 tempe
580 3473 673 3535 petam
689 3473 710 3518 Α
724 3466 736 3536 Η
752 3471 802 3520 462
815 3468 889 3518 exuli
902 3469 927 3516 Α
943 3467 1006 3518 exul
1017 3467 1042 3518 Ε
1060 3464 1063 3530 Ι
