2502 3978
508 198 660 248 OEDIPVS

279 341 423 422 [audacis
438 344 507 402 uiae
522 357 620 402 comcs
634 337 757 421 audac]

277 426 415 506 quicquid
433 427 557 486 excessit
573 425 708 493 modurn,

277 510 384 588 pendet
399 509 528 572 instabili
544 509 619 571 ioco.

319 679 376 741 Sed
393 680 463 758 quid
480 680 555 740 hoc?
579 687 679 757 postes
695 686 809 740 sonant.

276 771 405 825 maestus
421 785 459 826 en
474 764 602 826 samnius
617 782 705 826 manu

276 851 376 927 regius
392 865 533 928 quassans
550 859 646 927 caput.

277 935 331 996 cde
348 934 416 1013 quid
433 942 535 1014 portes
551 936 629 995 noui.

500 1201 661 1249 NVNTIVS.

98 1381 112 1414 a
169 1357 320 1419 Praedicta
336 1365 490 1436 postquam
507 1357 564 1416 iata
581 1366 610 1417 ct
625 1356 776 1417 infandum
793 1373 887 1434 genus

127 1442 281 1522 deprendit
296 1460 330 1502 ac
345 1461 377 1502 se
393 1441 506 1503 sociere
523 1443 691 1502 conuictum
708 1441 839 1519 Oedipus

127 1527 274 1588 damnauit
288 1528 365 1604 ipsc,
383 1528 493 1604 regiam
511 1526 633 1587 iniectus
649 1535 751 1604 petens

127 1613 217 1673 inuisa
235 1629 365 1690 propero
381 1619 456 1671 tecta
473 1613 640 1689 penetrauit
654 1611 757 1688 gradu.

96 1703 112 1752 b
169 1696 268 1768 Qualis
283 1713 339 1774 per
355 1713 426 1756 arna
441 1694 553 1774 libycus
568 1697 672 1756 insanit
689 1695 734 1756 ico

127 1781 235 1842 inluam
252 1781 360 1841 minaci
376 1781 473 1841 ironte
489 1782 663 1841 concutiens
678 1780 792 1841 iubam:

127 1865 224 1926 uultus
241 1865 341 1926 iurare
357 1874 460 1926 toruus
475 1874 564 1944 atquc
580 1864 658 1926 oculi
674 1874 787 1934 truces,

127 1953 251 2027 gemitus
268 1948 401 2011 stultum
417 1966 553 2010 murmur
570 1958 599 2011 et
614 1950 728 2027 gelidus
743 1950 808 2010 iluit

128 2036 215 2096 sudor
231 2053 285 2114 per
300 2043 397 2104 artus,
414 2043 531 2112 spumat
547 2043 575 2095 ct
591 2034 684 2095 ooiuit
700 2037 794 2096 minas

128 2137 159 2179 ac
175 2137 290 2181 mersus
305 2119 362 2180 alte
378 2135 502 2198 magnus
518 2120 647 2181 exundat
661 2120 755 2181 dolor.
1058 2135 1108 2186 945

98 2202 121 2259 a'
169 2205 277 2265 Secum
292 2205 355 2283 ipsc
370 2222 478 2265 saeuus
493 2204 605 2282 grande
620 2205 724 2266 nescio
737 2205 805 2282 quid
822 2212 906 2282 parat
987 2251 990 2258 .

128 2291 245 2366 suisque
261 2287 328 2348 fatis
342 2289 449 2348 simiic.
481 2290 569 2368 ‘quid
587 2306 698 2368 poenas
713 2290 850 2348 morori’

128 2375 180 2441 ait,
199 2373 275 2433 ‘hoc
290 2372 446 2434 scelestum
463 2381 565 2451 pectus
582 2381 631 2434 aut
646 2374 727 2434 icrro
743 2381 823 2450 petat

129 2465 175 2517 aut
189 2456 304 2518 feruido
320 2457 425 2536 aliquis
441 2459 507 2536 igne
523 2457 571 2518 uei
586 2475 656 2519 saro
673 2459 781 2519 domet.

98 2540 121 2597 b‘
171 2542 251 2614 Quae
268 2543 881 2620 tigrisautquacsaeuauisceribusrncis
1057 2557 1107 2608 950

128 2626 258 2687 incuteret
272 2625 350 2687 aicst
374 2629 437 2705 ipse
453 2637 484 2688 tu
500 2627 645 2689 scelerum
662 2645 754 2705 capax

128 2727 209 2771 sacer
226 2711 383 2772 Cithaeron
400 2710 448 2772 uel
465 2711 587 2772 ferasin
603 2731 650 2772 me
666 2721 732 2773 tuas

129 2796 226 2855 emitte
242 2794 337 2865 siluis,
355 2798 437 2858 mitte
454 2797 502 2857 uei
518 2797 637 2858 rabidos
653 2815 749 2858 canes.

193 3050 242 3099 929
255 3048 377 3099 Audacia
388 3051 451 3099 uiae
466 3065 557 3099 comes
569 3051 658 3100 audax
671 3048 805 3116 epitomes
816 3051 930 3102 audacis
940 3051 1039 3101 uieeA

127 3150 412 3268 goffipgslpmueffi
426 3148 550 3282 &131ss
565 3153 614 3268 952
632 3152 684 3268 hotc
692 3153 727 3268 Ei?
744 3152 789 3202 hic
807 3150 871 3269 emi!
885 3128 963 3269 poteRa
983 3152 1007 3232 Ε
1027 3153 1039 3214 Η

127 3233 225 3334 ἲῗω.ηα
240 3282 252 3352 Η
269 3233 441 3350 θὲἳῃῗῖθςίυε
454 3285 478 3334 Ε
497 3234 634 3352 Regeicsasuasia
647 3228 779 3338 θ1910931993θ
786 3236 817 3336 ξι
830 3303 855 3352 q.
869 3236 892 3337 ἓ
907 3217 947 3354 ΕΗ
960 3235 1040 3352 {522⁵

127 3356 169 3400 sat
181 3352 205 3400 Ε
223 3368 360 3416 quassans
379 3350 427 3419 ΑΗ
443 3356 492 3404 936
511 3370 597 3419 genus
616 3355 667 3405 EA
687 3355 778 3405 scelus
796 3352 843 3420 pii
854 3357 904 3406 943
922 3356 982 3405 fluit
1000 3357 1040 3407 εΑ
1079 3365 1096 3380 ··

127 3418 337 3486 uolatap11948
355 3421 402 3470 Ait
420 3423 471 3472 hoc
489 3423 515 3471 Ε
538 3424 574 3471 Vt
592 3421 642 3473 hoc
662 3425 684 3472 A
703 3420 714 3488 Η
730 3424 778 3472 951
798 3421 934 3472 scelerum
957 3422 1041 3488 (priua

129 3501 191 3537 ean.
209 3489 276 3552 rec.)
294 3483 404 3554 ΕΗ952
422 3495 485 3540 tuns
503 3491 551 3554 Εψ
570 3491 625 3540 tuis
644 3492 668 3539 A
692 3487 703 3555 ii
