2550 3978
168 174 233 240 242
308 165 315 173 ”
447 189 478 236 u.
498 187 630 236 aunam
646 185 804 236 senecen

135 331 163 390 c'
187 342 194 350 “
217 341 327 390 nunu.
351 328 388 388 At
401 345 461 389 uon
476 327 632 389 timebat
647 337 732 388 tuuc
749 336 816 388 tuus
831 328 926 388 lateor
941 345 1052 405 parens

169 501 304 578 interque
321 496 428 558 caedes
443 497 585 558 Graeciae
600 504 686 574 atque
702 504 784 557 ustas
798 504 877 557 rates
970 526 984 560 ο

169 585 268 662 segnis
284 581 399 644 iacebat
414 580 485 643 belli
501 589 530 641 et
544 599 695 642 armorum
713 582 858 642 inmemor

168 668 227 729 leui
244 684 383 728 canoram
399 665 563 727 uerberans
578 665 693 746 plectro
709 665 825 747 chelyn.
1103 679 1159 728 330

135 753 166 813 c'‘
209 765 336 811 PYRRH.
353 752 454 812 Tunc
468 768 593 828 magnus
604 749 715 811 Hector
730 769 812 812 arma
827 759 1021 812 contemnens
1035 759 1085 813 tua

168 844 273 898 cantus
288 834 408 897 Achillis
424 837 547 896 timuit
563 843 591 894 et
606 842 687 896 tanto
703 837 733 895 io
749 843 828 896 metu

168 920 323 982 naualibus
338 939 406 999 pax
421 919 496 980 elta
511 919 728 980 thessalicis
743 920 805 981 luit.

167 1019 278 1067 nunu.
302 1023 409 1083 nempe
425 1005 517 1065 isdem
534 1007 564 1063 in
580 1006 643 1065 istis
659 1003 831 1065 Thessali
847 1005 1002 1066 naualibus

167 1109 237 1170 pax
253 1088 326 1151 alta
343 1107 449 1150 rursus
464 1088 600 1150 Hectoris
615 1090 692 1167 patri
707 1089 772 1150 luit.
1104 1100 1157 1150 335

134 1286 151 1320 a
211 1271 338 1319 PYRRH.
362 1257 414 1318 Est
429 1259 529 1335 regis
545 1257 594 1318 alti
610 1243 785 1336 spiritum
801 1259 864 1336 regi
880 1257 959 1319 dare.
1042 1333 1045 1338 Ι

166 1355 275 1403 nunu.
300 1342 471 1403 cur-deutra
488 1344 572 1418 regi
587 1344 762 1420 spiritum
779 1345 887 1421 eripuit
901 1344 968 1404 tual

134 1428 159 1488 a'
212 1439 339 1486 PYuun.
362 1427 486 1487 Mortem
503 1429 722 1499 misericors
743 1443 832 1505 saepe
847 1444 902 1504 pro
918 1428 976 1486 ulta
993 1427 1084 1488 dabit.

167 1524 276 1572 nunu.
301 1519 330 1570 et
345 1529 425 1570 nune
440 1513 661 1571 misericors
673 1510 910 1588 uirginesbusto
925 1514 1021 1589 petis?

132 1624 149 1658 a
210 1607 336 1655 Pruna.
360 1595 460 1656 lamne
474 1595 611 1656 inmolari
626 1597 758 1673 uirgines
773 1595 870 1656 credis
885 1596 985 1656 nefas?
1103 1609 1158 1658 340

164 1693 273 1740 nunu.
297 1680 451 1759 praelcrre
466 1682 591 1759 patriam
608 1679 710 1740 liberis
725 1697 826 1758 regern
843 1681 937 1741 decet.

132 1770 157 1826 a'
209 1777 335 1825 PYRRH.
359 1765 430 1825 Lex
447 1763 525 1824 nulla
543 1772 629 1842 capto
644 1766 740 1844 parcit
754 1772 805 1824 aut
821 1783 945 1842 poenmn
961 1766 1083 1844 inpedit.

165 1862 275 1910 nunu.
299 1849 377 1928 quod
394 1866 454 1909 non
471 1855 551 1910 uetat
566 1848 639 1917 lex,
657 1849 714 1910 hoc
728 1857 809 1909 tretat
823 1850 887 1909 lieri
905 1850 1010 1929 pudor.

131 1935 164 1995 αἶ’
208 1946 334 1993 PYuun.
359 1934 573 2011 Quodcumque
588 1931 702 1994 libuit
722 1934 821 1994 lacere
837 1935 958 2000 uictori.
981 1934 1081 1996 licet.

164 2031 274 2078 nunu.
299 2019 452 2078 minimum
469 2017 554 2079 decet
569 2017 691 2079 libere
707 2020 753 2078 cui
769 2018 895 2079 multum
911 2018 1010 2079 licet.
1102 2031 1160 2082 345

131 2115 147 2162 b
208 2115 334 2161 Pruen.
358 2103 410 2162 His
426 2105 479 2162 ista
496 2104 585 2163 iactas
602 2120 675 2180 quos
691 2101 794 2164 decem
811 2121 955 2164 annorum
973 2106 1057 2182 graui

164 2203 258 2264 regno
275 2185 413 2247 subactos
428 2187 560 2265 Pyrrhus
576 2186 703 2248 exsoluit
717 2188 806 2264 iugo?

129 2272 156 2330 b'
207 2283 314 2331 nunu.
339 2270 398 2331 Hos
413 2271 523 2348 Scyrus
539 2272 651 2332 animos

162 2369 288 2416 Pusula.
629 2354 742 2416 scelere
758 2373 833 2433 quae
850 2357 974 2418 lratrum
991 2367 1082 2421 caret.

141 2453 272 2501 mutu.
311 2438 548 2500 inclusalluctul

163 2538 289 2584 runnu.
582 2541 691 2602 nempe
707 2527 825 2601 cognati
840 2527 940 2587 maris.

129 2608 163 2666 b'‘
206 2611 304 2685 Apum
308 2654 955 2670 .............

162 2695 276 2770 Pyrrh.
300 2695 381 2753 Atrei
397 2701 426 2753 et
440 2692 585 2772 Thyestae
600 2693 729 2754 nobilem
746 2694 816 2754 noui
832 2693 962 2754 domurn.
1102 2707 1163 2759 350

129 2787 145 2836 b
207 2789 315 2837 nunu.
352 2777 397 2837 Ex
412 2778 535 2854 uirginis
550 2786 693 2856 concepte
709 2778 820 2838 lurtiuo
835 2785 953 2855 stupro,

162 2869 192 2922 ct
207 2879 249 2921 ex
264 2861 410 2922 Achille
426 2869 494 2923 nate
510 2862 562 2922 setl
578 2863 709 2923 nondum
727 2863 792 2922 uiro

126 2943 166 3006 b''
205 2958 331 3006 PYRRH.
355 2945 424 3006 lllo
445 2965 486 3006 ex
509 2946 655 3007 Achille
676 2963 787 3024 genere
803 2947 853 3025 qui
868 2947 1011 3008 mundum
1028 2966 1084 3010 suo

162 3047 282 3109 sparsus
297 3048 352 3108 per
367 3049 455 3092 omne
470 3030 607 3092 caelitum
623 3050 749 3110 regnum
766 3038 854 3092 tenet.

161 3183 361 3194 *—

224 3273 286 3330 post
303 3284 327 3316 u.
341 3269 390 3318 327
403 3270 481 3330 ,uanius
499 3283 588 3318 uersus
600 3271 714 3318 lacunam
725 3268 817 3316 statuit
833 3267 885 3318 Gli.
899 3264 1084 3333 {1328uaslas

160 3328 208 3397 ψΙΙ
223 3335 273 3384 334
291 3334 446 3383 thessallE
463 3335 596 3386 thessalis
608 3337 632 3385 A
645 3333 656 3402 ΙΙ
673 3337 723 3387 339
741 3335 778 3383 El
797 3335 821 3382 E
840 3336 876 3384 Al
892 3337 917 3384 Α
935 3333 1013 3402 11348
1033 3337 1085 3400 Sy·

161 3411 207 3446 rus
226 3399 251 3447 E
269 3399 368 3463 Scyros
387 3402 412 3451 A
435 3399 447 3468 ll
467 3410 527 3466 post
550 3421 575 3454 u.
594 3405 643 3456 349
662 3403 856 3468 Apamemnonle
874 3406 1015 3455 orationem
1033 3420 1083 3455 ecc·

161 3465 254 3514 cidisse
272 3471 415 3530 suspicatus
432 3486 457 3518 u.
475 3473 526 3522 330
543 3471 673 3522 PYRRH.
692 3466 880 3538 codicellum
897 3486 1004 3522 omnem
1023 3488 1042 3522 α
1059 3469 1074 3540 ΙΙ
