2526 3986
387 205 659 257 Pnosmssssvsr
674 207 804 257 FRAGM.

158 344 318 432 [stridente
332 349 454 408 tardum
468 350 611 410 machina
626 349 740 410 decens
755 365 838 410 ones.

153 434 209 494 sed
222 437 407 493 conuocatos
420 436 504 495 uocis
517 441 547 494 et
560 435 697 494 citharae
710 449 784 494 sono

149 535 211 594 per
224 535 257 577 se
270 521 335 592 epse
348 533 478 579 summes
491 521 575 579 uenit
589 523 621 579 in
637 525 737 579 terres
752 513 866 599 lopati]

154 602 228 662 haee
242 619 311 661 saxa
327 601 465 679 franges?
482 604 576 662 ulotor
591 602 660 662 hinc
674 601 765 680 spolia
782 602 897 662 auferes

153 686 331 765 uinctosque
347 686 438 747 (luces
452 688 544 766 patris
559 685 696 764 aequales
713 687 771 747 tui?

118 771 143 832 ε’
197 770 307 831 Matres
323 768 360 830 ab
375 771 440 850 ipso
456 772 614 850 coniugum
631 782 730 850 raptas
745 771 812 831 sinu

153 873 260 916 saeuos
277 860 378 916 catena
395 855 479 916 miles
495 857 621 936 inposita
637 856 753 916 trahet?

152 949 186 1001 ut
201 938 299 1000 adulta
316 941 402 1018 uirgo
418 941 507 1001 mlrta
524 941 640 1019 captiuo
656 942 739 1017 gregi

153 1023 281 1085 thebana
298 1023 425 1084 nuribus
440 1042 545 1085 manus
560 1024 697 1102 argolicis
712 1026 776 1085 eat?

152 1127 190 1169 an
207 1110 313 1187 etipsa
329 1108 442 1188 palmas
458 1111 554 1170 uincta
570 1117 637 1187 post
651 1119 767 1187 tergum
784 1108 866 1170 (latas

153 1202 249 1254 mater
263 1193 405 1272 triumphi
420 1193 530 1272 praeda
546 1194 673 1256 fraterni
689 1193 800 1254 ueharl

116 1277 137 1338 i'
196 1277 323 1339 Potesne
338 1280 420 1339 eiues
435 1277 529 1340 laetus
544 1278 632 1340 exitio
647 1279 731 1338 datos

151 1362 255 1423 uidere
271 1363 400 1441 passim?
415 1362 571 1425 moenibus
587 1364 662 1424 caris
677 1371 762 1441 potes

151 1447 267 1507 hostem
284 1447 463 1509 admouere?
484 1448 628 1526 sanguine
644 1453 673 1508 et
687 1448 805 1508 flamma
821 1456 906 1526 potes

151 1530 268 1609 inplere
283 1531 419 1594 Thebas?
442 1539 501 1592 tam
518 1534 600 1594 serus
615 1533 723 1593 durum
739 1534 820 1609 geris

152 1634 335 1694 saeuamque
350 1618 380 1677 in
398 1619 457 1677 iras
472 1625 577 1696 peetus
592 1627 622 1678 et
637 1617 767 1678 nondum
784 1618 927 1695 imperas:

152 1701 222 1779 quid
238 1708 355 1779 sceptra
372 1702 497 1775 tactem?
520 1719 598 1780 pone
614 1719 740 1762 uesanos
755 1719 863 1780 precor

152 1786 242 1846 animi
258 1792 391 1848 tumores
405 1795 493 1865 teque
509 1787 609 1865 pietati
624 1786 713 1847 reler.

122 1895 141 1944 g
196 1882 275 1930 Poe.
298 1871 335 1930 Vt
349 1871 493 1949 profugus
510 1889 608 1932 errem
625 1870 760 1950 semper?
782 1879 815 1931 ut
830 1872 923 1950 patria
940 1889 1043 1932 arcear

151 1972 300 2034 opemque
315 1957 411 2032 gentis
426 1957 535 2035 hospes
551 1963 690 2018 externae
706 1958 832 2035 sequar?

151 2039 222 2118 quid
238 2047 357 2118 paterer
372 2040 460 2111 aliud,
477 2043 502 2100 si
518 2040 684 2102 fefellissem
700 2041 798 2112 fidem,

151 2125 177 2184 si
191 2125 391 2202 peierassem‘l
414 2125 526 2187 fraudis
541 2125 652 2187 alienae
667 2124 744 2186 dabo

150 2226 273 2288 poenas,
290 2217 319 2270 at
333 2209 383 2270 ille
397 2212 562 2290 praemium
578 2210 724 2271 scelerum
744 2208 837 2271 lereti

150 2292 236 2354 iubes
252 2292 348 2355 abire:
365 2296 467 2356 matris
483 2296 607 2374 imperio
622 2293 786 2373 obsequor,

151 2377 188 2438 da
204 2396 264 2457 quo
278 2386 423 2440 reuertar.
454 2381 535 2457 regia
552 2380 643 2440 lraier
658 2395 742 2439 meus

150 2461 263 2524 habitet
278 2463 416 2543 superba,
433 2481 524 2543 parua
541 2483 589 2525 me
605 2460 768 2524 abscondat
783 2480 859 2523 oasa.

113 2548 140 2622 ς’
195 2545 280 2608 llano
295 2548 332 2608 da
347 2547 476 2630 repulso.
506 2547 593 2610 liceat
608 2549 713 2623 exiguo
729 2546 791 2610 lare

149 2649 277 2710 pensare
293 2650 429 2712 regnum.
462 2634 579 2710 coniugi
595 2632 706 2693 donum
724 2631 818 2702 datus,

150 2715 274 2777 arbitria
291 2717 412 2779 thalami
429 2718 502 2779 dura
520 2717 611 2779 felicis
627 2717 720 2777 ieram

220 2886 365 2938 206-208
381 2887 473 2938 sestula·
492 2889 593 2952 ineptos
610 2887 636 2936 in
653 2901 699 2938 ore
717 2885 839 2938 Ioeaetoe
856 2894 883 2938 et
899 2890 989 2938 uitiosa
1004 2905 1068 2952 pro-

149 2956 226 3004 latos.
245 2954 281 3016 ef.
299 2954 382 3004 Here.
402 2958 497 3006 2623.
515 2954 563 3004 Sil.
575 2955 628 3008 XI.
647 2955 749 3004 iii-9
778 2950 790 3021 ΙΙ
818 2956 868 3006 208
886 2958 977 3006 turres
994 2971 1020 3006 u.
1040 2957 1069 3006 in

148 3036 274 3071 summes
291 3023 317 3071 A
347 3037 467 3073 summes
485 3038 512 3072 u.
530 3023 560 3071 in
577 3027 667 3072 turres
684 3021 710 3070 E
738 3026 829 3072 turres
853 3025 1013 3073 excitans
1035 3027 1068 3074 ei.

154 3089 235 3139 With.
259 3085 272 3154 ll
292 3091 339 3139 211
360 3090 395 3141 ab
414 3091 475 3155 ipso
493 3093 595 3140 matres
612 3098 637 3153 ψ
659 3093 762 3139 matres
780 3089 815 3140 ab
834 3090 893 3155 ipso
913 3106 932 3140 α
952 3096 1068 3141 matres·

148 3171 204 3220 que
222 3172 246 3210 a.
265 3157 284 3206 i.
303 3157 329 3206 E
357 3154 370 3224 fl
398 3160 448 3208 212
466 3158 559 3208 tradet
576 3157 602 3206 Ε
624 3156 717 3207 trahet
734 3158 760 3206 A
788 3153 801 3224 ss
829 3159 879 3208 213
896 3163 927 3207 ut
944 3159 1029 3208 οηι.Ε
1046 3156 1058 3226 ll

148 3225 200 3274 217
225 3223 300 3276 loeto
323 3230 352 3276 et
373 3227 458 3276 exitio
481 3226 507 3275 E
539 3226 629 3276 laetus
654 3225 738 3274 exitio
756 3225 782 3273 A
816 3221 828 3291 ΙΙ
861 3227 911 3275 220
934 3225 1021 3274 ferum
1041 3233 1069 3277 et

147 3291 246 3342 durum
260 3293 285 3342 A
304 3293 380 3343 leros
397 3293 494 3344 durum
507 3293 532 3343 Ε
552 3289 565 3358 ll
587 3295 636 3344 222
649 3307 738 3358 poene
751 3291 776 3340 Ε
827 3293 885 3342 228.
898 3294 947 3342 220
965 3295 1069 3346 reuerso

146 3361 240 3410 omine
257 3361 376 3411 leobatio*
405 3358 417 3429 ΙΙ
444 3364 495 3413 230
512 3377 575 3411 mea
594 3362 620 3410 Α
642 3373 718 3410 meus
736 3358 761 3408 Ε
830 3362 879 3411 231
899 3361 1031 3426 superbus
1050 3377 1070 3412 oc

146 3428 275 3561 lullll
290 3425 935 3563 ll„0'¹a²l²l¹ss¹‡llllls'llllassallll
958 3427 1021 3516 ‘¹⁸³⁰
1045 3446 1067 3480 ‘'

1007 3675 1015 3706 l

1123 537 1176 585 570

1089 706 1139 756 210

1119 962 1170 1009 575

1088 1129 1138 1178 215

1121 1383 1174 1432 580

1086 1550 1136 1602 220

1120 1807 1172 1856 585

1086 1973 1136 2024 225

1120 2230 1172 2277 590

1086 2397 1137 2447 230

1117 2652 1168 2701 595
