2440 3966
408 160 589 208 uaacvnns
608 145 796 228 [onuaavs]
997 142 1061 208 425

147 302 405 381 pensaremerita.
437 318 519 360 mors
536 301 734 377 eritpretium
752 299 893 358 omnium.
924 285 929 296 ⁶
1080 307 1146 356 1340

146 400 249 447 auom.
267 403 341 464 quas
357 387 463 445 misera
480 392 575 444 terras
591 384 689 444 mater'
701 383 819 445 Alcidae
834 383 950 461 petam?

147 470 198 531 ubi
213 478 300 531 natus
317 469 457 530 ubinam?
481 477 561 530 certa
578 471 602 528 si
618 471 699 529 uisus
714 473 810 539 notat,

147 554 265 616 reclinis
281 571 360 616 ecce.
391 554 481 614 corde
497 553 656 616 anhelante
672 559 799 621 aestuat,

147 640 251 718 gemit:
274 645 426 719 peractum
443 646 495 700 est.
527 637 662 699 membra
678 636 836 716 complecti
849 635 952 698 ultima

147 743 162 784 a
180 731 247 784 nate
262 722 364 793 liceat,
381 725 502 802 spiritus
517 723 634 802 fugiens
649 742 716 784 mee
1081 729 1147 780 1343

146 809 260 887 legatur
276 827 338 870 ere.
368 809 508 868 bracchia
525 807 663 886 amplexu
678 825 759 887 cape.
1053 819 1076 862 1.
1092 819 1143 861 ccv

118 929 123 949 =.
146 893 196 953 uhi
210 892 345 954 membra
362 895 450 954 suut?
474 892 525 953 ubi
540 892 587 952 illa
604 911 679 972 quae
693 892 838 953 mundum
854 890 920 951 tulit

145 977 292 1054 stelligera
311 979 431 1038 ceruix?
455 978 520 1056 quis
536 976 588 1038 tihi
604 979 739 1055 exiguam
754 977 798 1036 tui

145 1071 259 1142 partem
275 1062 414 1141 reliquit?

143 1159 246 1207 3330.
453 1145 612 1208 Herculem
629 1153 745 1225 spectas
761 1145 880 1226 quidem

144 1239 238 1292 mater
254 1232 306 1292 sed
323 1231 460 1292 umbram
477 1238 506 1291 et
521 1231 580 1291 uile
596 1233 696 1292 nescio
713 1232 781 1310 quid
797 1232 869 1291 mei:
1079 1238 1145 1290 1330

146 1333 272 1394 agnosce
288 1324 398 1384 mater,
416 1334 468 1376 cra
484 1316 553 1394 quid
568 1315 663 1375 flectis
678 1323 760 1376 retra

145 1399 317 1478 uultumque
333 1401 459 1478 mergis?
482 1399 641 1460 Herculem
658 1401 716 1460 dici
732 1407 815 1460 tuum

118 1553 120 1558 ¹
145 1491 260 1563 partum
279 1483 448 1544 erubescis?

147 1579 252 1628 Anum.
489 1567 555 1646 quis
571 1567 664 1626 leram
682 1566 812 1628 mundus
827 1584 935 1627 nouam

146 1671 222 1730 quae
237 1659 318 1712 terra
334 1653 437 1729 genuit
451 1650 570 1728 quodue
585 1657 643 1709 tam
661 1651 757 1710 diuum
773 1651 857 1712 nefas

146 1737 183 1797 de
199 1743 227 1796 te
242 1735 423 1814 triumphati
445 1737 542 1794 uictor
558 1734 715 1795 herculeus
731 1737 796 1814 quis
812 1735 874 1796 esti
1082 1745 1147 1796 1355

146 1831 250 1880 Hunc.
267 1830 377 1898 nuptae
393 1821 538 1880 iacentem
554 1821 652 1880 camis
668 1819 789 1880 Alciden
806 1818 890 1880 dolis.

147 1917 253 1966 anon.
271 1907 336 1982 quis
353 1913 450 1966 tantus
467 1913 510 1965 est
525 1905 576 1983 qui
590 1906 690 1964 uincat
705 1903 824 1965 Alciden
842 1903 944 1964 dolus?

145 2002 248 2050 Hauc.
266 1991 440 2069 cuicumque
457 1990 676 2050 materiamina
692 1991 765 2048 irata
782 1995 826 2049 est
841 1994 911 2050 satis

145 2086 251 2135 anem.
269 2081 298 2134 et
312 2075 391 2134 unde
406 2076 435 2133 in
452 2081 534 2134 artus
550 2075 641 2152 pestis
657 2081 707 2134 aut
723 2091 788 2134 assa
803 2073 924 2134 incidit?

144 2172 247 2220 nnuc.
265 2158 375 2220 aditum
392 2161 515 2221 uenenis
531 2157 607 2236 palla
625 2158 751 2219 leminea
768 2158 893 2220 addidit.
1082 2170 1147 2220 1360

214 2330 280 2380 1340
293 2328 415 2378 Pensare
429 2326 454 2376 E
466 2327 589 2378 Pensate
602 2327 627 2376 A
639 2323 652 2393 ll
664 2327 798 2376 Alcmena
810 2327 947 2378 Hercules
962 2329 982 2378 R
999 2327 1063 2378 Ale·

142 2411 233 2446 mena.
252 2395 404 2446 Hercules.
423 2395 489 2445 Ylus
509 2396 589 2446 Gom.
603 2395 654 2444 ΕΑ
667 2391 678 2460 Η
692 2396 757 2446 1341
770 2395 938 2446 AlcmenaR
955 2396 1063 2446 Alcme-

143 2479 198 2525 nae
223 2469 289 2514 nota
304 2463 395 2526 praef.
418 2461 482 2512 EA
503 2457 516 2528 ll
546 2465 613 2514 1342
632 2463 687 2512 Vbi
705 2463 779 2511 intua
800 2463 863 2524 (om.
883 2463 940 2529 est)
960 2463 985 2512 E
1009 2464 1063 2513 Vbi

142 2537 226 2581 natus
245 2534 287 2582 est
305 2531 330 2580 A
341 2527 355 2598 ss
368 2533 433 2581 1343
450 2529 573 2580 Reclinis
591 2529 651 2580 EA
669 2530 792 2580 Reclinis
809 2527 856 2595 dall
870 2531 1019 2582 anhelante
1038 2531 1063 2580 Ε

144 2599 291 2649 anhelanti
309 2599 333 2647 A
358 2594 370 2664 Η
394 2599 461 2648 1344
478 2599 615 2648 ultimum
632 2597 683 2651 Bo.
703 2593 716 2664 ΙΙ
740 2600 806 2649 1343
824 2598 940 2648 brachia
959 2603 988 2650 et
1006 2615 1062 2649 am-

142 2666 241 2730 plexus
264 2681 334 2731 cape
358 2665 383 2714 Ε
413 2665 453 2714 br.
473 2665 502 2715 in
521 2682 546 2718 a.
567 2681 590 2718 c.
609 2666 634 2715 A
665 2666 781 2716 brachia
806 2666 939 2731 amplexu
959 2668 1062 2718 Grotius

141 2734 290 2795 bracchia,
311 2732 451 2798 amplexus
464 2749 532 2799 capa
552 2734 604 2783 ult.
621 2735 686 2797 fort.
706 2733 841 2785 bracchia
858 2736 893 2785 in
909 2735 1062 2800 planctus

143 2835 223 2885 data
247 2830 259 2900 Η
284 2835 350 2885 1348
363 2810 407 2884 tuh
424 2831 452 2898 (a
463 2852 507 2900 pr.
519 2833 562 2900 m.)
576 2835 601 2884 Ε
613 2831 625 2902 ΙΙ
637 2837 703 2886 1343
716 2836 827 2886 Partem
840 2835 958 2900 reliquid
973 2837 978 2898 l
994 2837 1063 2898 Quia

143 2904 232 2953 leram
245 2903 361 2952 mundus
374 2917 474 2953 nouam
490 2901 493 2967 Ι
509 2903 594 2953 ΗΕΒ.
608 2904 757 2954 Herculem
771 2907 882 2968 spectas
896 2903 1004 2966 quidem
1017 2903 1043 2952 E
1053 2899 1062 2969 ll

143 2973 211 3021 1350
228 2969 352 3020 umbram
372 2975 399 3020 et
417 2971 473 3020 uile
492 2971 517 3020 Ε
537 2968 655 3034 (umbrat
667 2972 724 3022 uile
737 2971 763 3020 Ε
775 2981 793 3021 t.
809 2971 864 3030 Gr.)
885 2971 925 3019 11Ε
947 2970 1061 3021 umbrae

141 3037 233 3090 simile
251 3037 276 3087 A
293 3040 297 3101 Ι
313 3053 373 3088 mee
391 3039 414 3088 Il
430 3033 442 3105 Η
463 3041 529 3090 1352
547 3040 648 3104 mergis
666 3040 691 3089 E
714 3040 813 3104 uergis
832 3039 909 3087 NHa.
933 3053 1061 3088 maerens

141 3107 167 3156 A
180 3103 192 3173 Η
205 3106 272 3157 1355
289 3107 380 3155 uictor
397 3105 543 3157 herculeus
563 3107 587 3156 Ε
600 3109 624 3156 Α
643 3108 735 3157 uictor
746 3105 886 3156 Herculis
906 3105 1062 3156 GFadrica'us

142 3189 178 3225 em
207 3176 319 3240 antiquis
346 3178 410 3224 conl.
441 3193 465 3224 u.
486 3176 552 3225 1484
580 3175 721 3225 Herculis
751 3175 842 3224 uictor
864 3173 1031 3224 Seriuerdana
1053 3171 1062 3240 ll

143 3243 210 3294 1358
230 3241 399 3305 Cuicumque
419 3258 454 3292 m.
467 3243 573 3294 femina
590 3245 664 3292 irata
683 3247 727 3293 sat
747 3247 788 3292 331
805 3241 831 3291 Ε
851 3247 893 3292 331
911 3242 988 3292 satis
1009 3243 1060 3294 GR.

143 3311 308 3374 Quicunque
327 3326 362 3360 m.
381 3311 505 3361 feminae
523 3311 614 3360 iratae
633 3313 679 3360 sat
697 3314 739 3360 331
757 3312 781 3361 A
812 3306 823 3376 ll
854 3312 919 3361 1359
942 3311 979 3359 Et
1001 3310 1061 3361 ER

142 3376 180 3425 At
191 3379 223 3457 ¹A
242 3373 255 3444 11
268 3380 342 3512 ΙΙ1300
360 3379 482 3430 13131333
499 3378 560 3428 Eli
577 3379 708 3428 femineis
726 3379 751 3428 A
769 3374 780 3445 ΙΙ
801 3377 877 3429 dedit
896 3395 917 3428 ω
936 3377 1061 3428 addidit

141 3448 243 3510 compat.
