2502 3978
533 227 700 274 rnnenrm
1018 215 1077 279 147

246 367 337 426 uincit
351 383 456 427 saeuas
471 384 542 426 eura
558 383 712 427 norteroas.
1095 383 1144 432 365

289 450 381 511 Altrix
396 449 516 529 profare
533 451 601 529 quid
617 450 714 512 ieras?
737 469 865 529 quonam
882 454 912 513 in
928 452 994 514 loeo
1010 463 1055 516 est

245 536 367 611 regina?
389 537 486 596 saeuis
502 538 602 612 eequis
619 544 663 595 est
677 535 805 598 llammis
821 538 943 598 modus?

357 751 499 800 NVTRIX.
516 753 702 799 PHAEDRA.
727 751 873 800 CHORVS.

123 898 140 930 a
204 873 279 951 Spes
294 872 373 933 nulla
390 881 501 934 tantum
518 885 606 952 posse
622 874 709 934 leniri
725 874 835 936 malum

157 957 283 1034 finisque
299 959 425 1019 llammis
441 957 540 1020 nullus
555 960 667 1019 insanis
684 961 748 1020 erit.

156 1051 290 1103 torretur
305 1050 387 1103 aestu
404 1046 492 1104 tacito
508 1051 538 1104 et
552 1043 684 1103 inclusus
699 1062 818 1123 quoque

157 1128 294 1204 quamuis
310 1134 424 1205 tegatur
439 1128 576 1206 proditur
591 1127 675 1188 uultu
691 1130 790 1188 furor:

157 1212 288 1289 erumpit
302 1211 397 1272 ooulis
413 1213 490 1289 ignis
507 1219 536 1272 et
551 1211 646 1273 lassae
661 1229 759 1289 genae

155 1293 254 1356 lucem
270 1303 420 1357 recusant.
437 1296 526 1357 -nihil
541 1296 619 1357 idem
635 1297 743 1358 dubiae
759 1297 855 1378 placet

155 1389 296 1459 artusque
311 1382 393 1442 uarie
409 1381 496 1442 iactat
510 1383 642 1442 incertus
657 1381 751 1442 dolor.

124 1472 142 1522 b
200 1465 285 1526 Nune
300 1473 333 1526 ut
347 1464 443 1525 soluto
458 1465 567 1526 labitur
583 1467 713 1526 moriens
727 1467 820 1544 gradu

155 1558 187 1610 et
201 1551 251 1610 uix
265 1549 384 1611 labante
400 1551 525 1612 sustinet
541 1550 616 1610 oollo
633 1558 737 1629 eaput,

154 1650 235 1694 nuno
250 1653 282 1694 se
298 1635 390 1712 quieti
406 1634 503 1695 reddit
518 1643 547 1695 et
562 1637 658 1695 somni
673 1638 818 1696 inmemor

154 1726 273 1779 nostem
290 1719 419 1795 querelis
435 1719 524 1780 ducit.
556 1717 648 1779 attolli
664 1721 747 1779 iubet

152 1805 321 1880 iterumque
337 1805 408 1880 poni
423 1821 534 1882 corpus
557 1811 585 1865 et
601 1803 677 1864 solui
693 1822 807 1873 eomas,

153 1905 318 1966 rursusque
333 1888 413 1967 tingi.
443 1906 562 1967 semper
576 1889 723 1967 inpatiens
738 1890 785 1952 sul

106 2025 111 2032 .
153 1978 285 2032 mutatur
300 1971 426 2033 babitus.
459 1973 538 2034 nulla
554 1975 613 2034 iam
629 1975 745 2035 Cereris
761 1974 840 2035 subit

153 2075 226 2116 cura
242 2064 292 2116 aut
307 2056 418 2118 salutis.
452 2059 532 2121 uadit
546 2060 661 2121 incerto
678 2059 753 2136 pede

151 2143 212 2200 iam
228 2141 340 2201 uiribus
356 2142 480 2202 delecta.
513 2160 573 2203 non
588 2144 666 2203 idem
683 2145 769 2222 uigor

151 2243 214 2285 non
230 2242 280 2284 ora
298 2228 414 2304 tingens
430 2228 514 2288 niuea
530 2245 700 2306 purpureus
714 2226 824 2288 rubor:

107 2308 136 2366 b'
197 2309 357 2387 Populator
371 2320 453 2373 artus
469 2329 554 2380 eura,
576 2313 635 2372 iam
651 2329 771 2389 gressus
786 2319 916 2373 tremunt

149 2403 297 2471 tenerque
312 2395 394 2455 nitidi
411 2397 545 2474 eorporis
560 2395 667 2456 cecidit
682 2396 772 2457 decor

149 2487 182 2540 et
197 2480 248 2554 qui
264 2477 400 2539 serebant
413 2481 497 2556 signa
512 2479 666 2556 phoebeae
683 2481 755 2540 lacis

150 2561 230 2624 oculi
245 2562 318 2622 nibil
334 2563 444 2641 gentile
461 2581 516 2624 nee
531 2565 659 2642 patrium
675 2565 794 2626 micant.

147 2648 292 2708 lacrimae
308 2646 417 2708 eadunt
431 2667 487 2726 per
502 2666 553 2710 ora
570 2657 600 2708 et
614 2648 732 2708 assiduo
748 2666 842 2726 genae

95 2799 107 2812 '¹
146 2750 220 2792 rore
235 2733 401 2808 inrigantur
417 2733 542 2811 qualiter
558 2733 649 2795 Tauri
663 2735 738 2811 iugis

147 2816 251 2896 tepido
267 2815 441 2877 madescunt
455 2817 552 2878 imbre
568 2836 726 2896 percussae
743 2820 835 2879 niues.

147 2901 202 2962 sed
219 2919 256 2960 en
274 2907 428 2977 patescunt
443 2903 544 2978 regiae
561 2902 685 2980 fastigia.

217 3103 267 3154 367
290 3104 388 3167 regina
407 3104 500 3154 saeuis
517 3109 546 3154 et
564 3105 625 3168 quis
645 3105 659 3156 ἓ
677 3105 793 3154 flammis
812 3105 907 3155 modus
925 3104 950 3153 Ε
972 3121 1065 3154 uersus

143 3173 195 3222 boo
213 3174 269 3222 loeo
287 3178 392 3221 omissae
409 3175 502 3236 legitur
518 3174 545 3222 ιἰι
563 3173 587 3222 Α
603 3181 665 3236 post
681 3191 705 3222 ιι,
726 3173 777 3222 412
794 3171 923 3237 (sepone
934 3171 975 3232 -)
998 3173 1065 3222 Vide

144 3240 221 3290 ada.
237 3239 290 3289 348
302 3235 419 3304 Ηροιιιι
433 3242 484 3289 3⁶7
496 3255 563 3290 aona
574 3243 706 3290 scaenam
718 3240 768 3290 EG
785 3239 932 3291 NVTRIX.
951 3239 1064 3290 PHAE-

142 3306 231 3357 DRA.
251 3305 403 3357 GHORVS.
422 3306 448 3355 E
466 3307 579 3371 phedra.
597 3309 698 3358 nutrix
717 3307 838 3372 ypolitus
852 3303 959 3374 611368
977 3305 1065 3356 lenire

143 3374 172 3424 Ε
196 3370 208 3440 [l
231 3375 281 3424 ete
304 3373 403 3438 lapsae
422 3390 441 3425 α
458 3375 550 3425 lassae
569 3377 618 3439 Εψ
641 3372 653 3442 ΙΙ
676 3377 725 3426 373
748 3389 848 3424 nesse
867 3390 886 3425 α
909 3371 921 3441 ΙΙ
944 3375 994 3425 383
1018 3374 1066 3424 de-

142 3443 225 3493 foeta
244 3457 262 3492 α
274 3439 286 3509 ΙΙ
302 3442 353 3492 384
370 3443 460 3492 nitida
477 3460 500 3494 ιι
517 3444 614 3495 niuea
633 3444 776 3493 Markland
790 3439 802 3508 ΙΙ
818 3442 867 3493 387
885 3443 1021 3494 tenebant
1039 3443 1064 3492 A

141 3509 278 3561 ferebant
295 3506 345 3577 ΕΗ
357 3512 405 3561 391
425 3512 556 3577 perfusae
574 3514 599 3562 A
618 3525 767 3577 percussae
785 3509 811 3560 Ε
843 3511 847 3573 Ι

759 3661 763 3664 ,
786 3593 846 3656 10⁴⁷
