2490 3984
162 175 227 241 328
554 189 695 238 lucrari

164 315 313 392 nam'sera
330 347 493 408 numquam
509 338 552 391 est
568 329 603 389 ad
621 329 716 390 bonos
732 347 830 390 mores
846 331 902 391 uia.

164 433 253 497 quem
271 416 402 493 paenitet
418 432 574 493 peccasse,
592 432 686 492 paene
702 423 748 476 est
762 416 914 494 innocens

206 511 286 560 Alte.
314 497 378 568 Quo
394 501 508 576 raperis
524 500 644 560 amens?
667 499 764 561 credis
778 507 830 561 aut
844 517 947 578 speras
962 498 1015 560 tibi
1102 507 1151 558 245

165 585 395 663 Agamemnonis
410 583 497 644 tidele
515 584 705 662 coniugium?
728 594 760 647 ut
774 584 846 645 nihii

166 669 301 730 subesset
317 669 415 729 animo
432 669 509 747 quod
526 686 634 746 graues
649 669 761 729 iaceret
775 677 887 738 metus,

166 761 263 815 tamen
279 751 409 832 superba
425 761 455 814 et
469 754 606 832 inpotens
621 753 692 814 tiatu
707 756 795 815 nimis

165 839 286 899 fortuna
302 853 409 915 magno
428 839 548 915 spiritus
564 839 692 899 tumidos
708 838 800 900 daret.

208 923 315 984 Grauis
331 922 380 983 ille
396 923 485 983 sociis
500 930 594 984 stante
610 923 707 984 adhuc
722 922 811 984 Troia
827 923 891 984 fuit.

164 1008 233 1088 quid
251 1025 318 1069 rere
334 1007 369 1068 ad
386 1009 516 1068 animum
533 1015 636 1084 suapte
652 1017 757 1068 natura
773 1015 887 1069 trucem

164 1092 283 1154 Troiam
299 1091 463 1154 addidisse?
487 1110 541 1153 rex
556 1092 745 1171 Mycenarum
762 1092 831 1162 tuit,

164 1179 265 1238 ueniet
280 1184 437 1256 tyrannus:
459 1194 604 1256 prospera
621 1178 735 1237 animos
751 1179 886 1239 efferunt.

165 1262 257 1323 effusa
273 1263 352 1322 circa
368 1260 513 1339 paelicum
530 1268 639 1341 quanto
655 1263 737 1322 uenit

165 1345 253 1410 turba
269 1353 421 1425 apparatu.
453 1344 513 1406 sela
530 1345 581 1407 sed
598 1345 684 1406 turba
701 1347 811 1407 eminet

165 1437 308 1508 tenetque
323 1447 425 1508 regem
441 1429 549 1490 famula
565 1429 687 1491 ueridici
702 1430 759 1490 dei.

207 1517 338 1577 Feresne
352 1513 473 1575 thalami
488 1515 566 1576 uicta
582 1522 750 1576 censentem
765 1517 826 1576 tui?

169 1609 198 1662 at
212 1598 261 1660 illa
277 1597 367 1660 nolet.
399 1597 535 1660 ultimum
552 1607 597 1659 est
610 1606 719 1679 nuptae
734 1599 843 1660 malum
940 1619 943 1626 ’

166 1683 265 1766 palam
281 1685 417 1745 maritam
432 1683 586 1762 possidens
601 1682 707 1762 paelex
722 1685 852 1746 demum.

166 1787 223 1831 nee
237 1786 330 1847 regna
346 1769 459 1830 socium
476 1767 555 1830 terre
571 1787 627 1829 nec
643 1769 744 1830 taedae
760 1771 866 1831 sciunt.

209 1865 308 1914 cunr.
332 1854 470 1930 Aegisthe
486 1852 557 1930 quid
573 1872 620 1914 me
635 1871 741 1916 rursus
755 1855 785 1914 in
801 1870 945 1933 praeceps
959 1854 1023 1932 agis

167 1939 301 2017 iramque
317 1937 444 1999 flammis
460 1938 516 1998 iam
534 1938 715 1999 residentem
732 1939 853 2000 incitas?

167 2024 303 2102 permisit
318 2021 425 2102 aliquid
442 2023 539 2082 uictor
553 2022 583 2084 in
600 2029 715 2100 captam
731 2022 803 2084 sihi:

166 2125 223 2169 nec
240 2108 396 2185 coniugem
413 2106 470 2167 hoc
486 2108 636 2184 respicere
652 2125 708 2168 uec
724 2108 873 2169 dominam
889 2108 983 2169 decet.

211 2192 272 2252 Lex
289 2190 344 2252 alia
361 2191 433 2252 solio
450 2198 495 2252 est
509 2189 564 2251 alia
580 2193 698 2270 priuato
713 2193 744 2252 in
760 2201 836 2254 toro.

117 2305 118 2310 κ
167 2276 238 2357 quid
256 2275 335 2355 quod
351 2294 472 2338 seueras
487 2276 567 2336 ferre
583 2294 631 2337 me
646 2274 727 2354 leges
744 2280 808 2338 uiro

167 2379 228 2421 non
244 2360 354 2439 patitur
370 2361 485 2421 animus
500 2361 595 2438 turpis
610 2362 730 2422 admissi
745 2381 870 2424 memor.

168 2446 218 2506 det
233 2443 282 2506 ille
298 2447 416 2506 ueniam
434 2444 519 2506 iaeiie
535 2447 583 2506 cui
598 2448 683 2507 uenia
700 2451 745 2508 est
760 2463 844 2524 opus.

209 2542 289 2591 nne.
314 2529 354 2590 lta
371 2529 435 2591 est?
457 2531 713 2608 pacisci-mutuam
730 2534 848 2593 ueniam
863 2531 951 2593 licet?

166 2615 265 2692 ignota
283 2612 336 2675 tibi
351 2621 419 2674 sunt
433 2615 497 2676 iura
513 2631 675 2692 regnorum
692 2615 763 2677 haut
778 2635 864 2678 noua.
1105 2623 1158 2672 270

167 2697 254 2760 nohis
269 2697 388 2776 maligni
403 2698 516 2761 iudices
532 2701 618 2778 aequi
633 2699 690 2760 sibi

149 2975 154 2986 .
235 2936 287 2985 244
304 2950 429 2999 poenae
448 2950 467 2985 α
496 2931 508 3000 Η
537 2936 586 2986 255
605 2935 665 2986 sola
683 2936 732 2987 sed
749 2938 831 2988 turbe
850 2937 952 2988 eminet
969 2937 996 2987 E
1026 2937 1085 2988 sola

167 3002 215 3054 red
228 3003 308 3069 lenge
322 3019 373 3053 em.
385 3004 411 3052 Α
431 3002 513 3052 turba
526 3003 574 3053 sed
586 3003 669 3070 longe
682 3019 734 3055 em.
747 3005 787 3054 ne
798 3002 810 3072 ΙΙ
822 3007 871 3056 256
884 3020 998 3072 regnum
1011 3006 1051 3056 M}
1072 3006 1085 3069 Η

166 3073 216 3123 258
235 3071 323 3122 nollet
340 3071 365 3120 E
394 3067 406 3136 ΙΙ
435 3072 484 3120 269
507 3070 608 3120 merita
632 3087 667 3122 ecc
690 3088 758 3123 corr.
777 3090 818 3138 pr.
837 3089 869 3122 m.
888 3073 913 3122 Ε
942 3073 1037 3124 mariti
1060 3074 1084 3123 A

166 3139 300 3190 meritam
318 3139 393 3220 N.H⁸‘
423 3135 427 3204 Ι
464 3139 512 3188 261
532 3137 612 3220 illuit:
630 3141 655 3189 A
678 3155 725 3190 om.
744 3140 780 3190 E¹
798 3143 846 3192 sed
875 3140 916 3190 cl.
935 3143 997 3192 add.
1015 3139 1053 3190 E³
1072 3141 1085 3203 Η

166 3207 273 3338 {idai
288 3202 445 3340 iiiiqiu'
459 3207 642 3340 iiitissssiii
659 3207 944 3342 ditttsitttfft
956 3205 1012 3326 ici
1024 3210 1087 3326 iti

166 3367 199 3378 -
211 3357 265 3393 non
277 3369 311 3380 -
330 3349 364 3397 ‘o.
379 3359 400 3396 a.
415 3345 443 3393 ἰ)
462 3342 533 3394 Deir.
547 3338 558 3408 ii
570 3343 619 3392 266
632 3343 704 3394 solio
716 3343 767 3394 EA
787 3344 864 3396 socio
876 3355 900 3408 ψ
911 3340 923 3411 ΙΙ
935 3343 1086 3408 priuataE

165 3411 321 3544 {duffii}
350 3407 363 3477 ΙΙ
392 3412 499 3461 intere
518 3410 567 3476 Ep
589 3411 618 3459 in
636 3411 726 3464 em.A
756 3407 768 3473 11
798 3414 848 3463 270
866 3417 916 3462 aut
932 3410 1087 3466 enarret.

186 3491 221 3525 au
