2526 3986
545 249 724 299 uflrnsuns
1051 240 1091 305 75

173 391 349 471 uultumque
364 397 466 454 uersat
480 409 571 471 seque
586 393 617 450 in
632 392 747 451 incerto
762 398 851 452 tenet.

137 483 161 543 c‘
217 491 298 536 unu.
322 476 399 548 Quid
414 475 534 537 anime
550 475 703 554 pendes,
721 475 830 556 quidue
845 476 1000 540 consilium
1017 479 1066 541 diu

172 566 234 621 tarn
250 559 334 622 facile
350 561 490 639 torques?
505 560 596 621 rebus
611 561 818 621 incertissimis

173 645 259 706 fratri
274 652 362 725 atque
376 661 471 723 regno
486 645 583 706 credis
599 661 632 705 ac
648 647 754 706 metuis
770 644 846 705 mela
1106 668 1157 718 425

173 731 231 791 ianr
247 731 341 798 uicta,
357 731 414 791 iam
431 738 583 791 mansueta
600 735 629 790 et
643 747 801 789 aerumnas
817 729 894 808 iugis

173 814 251 876 bene
266 813 440 876 collocatas?
462 831 526 875 esse
542 816 598 874 iam
616 815 756 875 miserum
772 815 862 875 iuuat.

174 899 296 961 reflecte
310 916 446 976 gressum
463 899 533 959 dum
549 897 617 959 licet
632 905 720 978 teque
737 900 827 976 eripe.

139 998 158 1050 d
219 997 321 1045 utun.
346 985 427 1057 Quae
442 1001 530 1045 causa
546 984 626 1062 cogit
640 985 756 1061 genitor
772 1003 788 1044 a
804 986 898 1061 patria
914 985 1037 1063 gradum

174 1071 287 1130 referre
302 1070 384 1130 uisa?
401 1085 454 1130 cur
470 1067 556 1128 benis
571 1069 658 1128 tantis
673 1069 770 1128 sinum
1105 1091 1157 1140 430

174 1153 331 1217 subducis?
353 1155 398 1214 ira
413 1154 535 1214 irater
549 1152 662 1213 abiecta
678 1153 756 1214 redit

174 1246 348 1318 partemque
363 1239 450 1315 regni
466 1238 564 1299 reddit
580 1244 611 1298 et
624 1236 740 1298 lacerae
755 1237 861 1298 domus

174 1325 316 1401 conponit
330 1330 414 1385 artus
430 1329 518 1401 teque
534 1323 662 1383 restituit
677 1321 739 1382 tibi.

140 1435 156 1469 e
216 1421 297 1468 unu.
322 1409 446 1470 Causam
461 1409 576 1469 timeris
590 1407 653 1484 ipse
669 1424 756 1486 quam
772 1409 878 1485 ignoro
895 1409 996 1488 exigis.

172 1493 245 1553 nihii
259 1492 424 1554 timendum
439 1493 542 1563 uideo,
559 1491 612 1552 sed
626 1492 717 1552 timeo
732 1501 843 1553 tamen.
1029 1552 1032 1557 ,
1107 1514 1157 1562 435

172 1576 269 1656 piacet
282 1579 342 1649 ire,
359 1578 450 1656 pigris
466 1575 600 1638 membra
615 1576 667 1636 sed
683 1575 819 1654 genubus
833 1575 936 1639 labant

173 1661 290 1742 alioque
305 1681 393 1742 quam
410 1680 468 1743 qno
484 1663 564 1722 nitor
579 1659 724 1721 abductus
738 1661 831 1722 feror.

172 1748 214 1808 sic
230 1749 406 1809 concitatam
421 1749 534 1825 remige
551 1752 580 1806 et
594 1744 662 1806 uelo
678 1752 772 1806 ratem

167 1840 269 1893 'aestus
283 1832 426 1894 resistens
441 1833 548 1909 remigi
564 1837 594 1891 at
608 1829 677 1890 uelo
693 1829 796 1890 refert.

135 1917 158 1974 α’
212 1930 315 1978 mauu.
339 1917 451 1978 Euince
466 1915 606 1997 quicquid
622 1913 718 1975 obstat
734 1923 763 1977 et
777 1919 907 1976 mentem
922 1916 1036 1996 inpedit
1103 1937 1153 1986 440

171 2001 371 2082 reducemque
387 2009 495 2081 quanta
510 2001 643 2078 praemia
659 2007 818 2079 expectent
832 2001 912 2062 uide.

172 2095 266 2164 pater,
283 2095 367 2164 petes
383 2103 527 2166 regnare.

171 2184 252 2232 ΤΗΥ.
548 2187 616 2230 cum
631 2170 742 2246 possim
755 2171 840 2230 meri.

171 2273 285 2316 summa
302 2262 346 2317 est
360 2262 489 2334 potestas
504 2252 584 2315 nulla
600 2257 625 2316 si
641 2255 743 2333 cupias
757 2253 840 2314 nihii.

172 2353 276 2401 naun.
300 2343 396 2418 gnatis
411 2339 573 2420 relinques.

120 2450 127 2466 ·
172 2439 253 2486 unu.
599 2440 658 2482 non
675 2423 753 2500 capit
767 2439 893 2498 regnum
910 2422 994 2484 duos.

171 2523 275 2593 unnu-
298 2511 389 2571 miser
405 2527 469 2571 esse
485 2506 598 2569 mauult
613 2524 678 2568 esse
694 2508 745 2585 qui
760 2506 830 2567 ielis
845 2509 960 2586 potest?
1100 2527 1151 2576 445

137 2627 152 2660 e
214 2607 295 2656 ΤΗΥ.
317 2594 388 2654 Mihi
403 2596 506 2662 crede,
524 2591 604 2654 salsis
618 2609 724 2668 magua
739 2591 908 2652 nominibus
923 2591 1055 2672 placent,

171 2680 282 2740 trustra
297 2681 444 2740 timentur
455 2679 539 2740 dura.
569 2678 640 2738 dum
657 2673 791 2736 excelsus
806 2679 881 2747 steti,

170 2781 331 2846 numquam
347 2783 458 2843 pauere
474 2763 572 2824 destiti
587 2769 676 2841 atque
691 2762 788 2838 ipsum
806 2763 866 2823 mei

171 2848 284 2909 terrum
298 2850 403 2910 timere
419 2848 528 2909 lateris.
559 2867 577 2907 n
593 2852 735 2926 quantum
751 2846 862 2908 bonum
880 2854 924 2908 est

171 2933 292 2994 obstare
306 2932 388 2994 nulli.
420 2930 544 3018 [capere
557 2948 683 2994 secures
698 2933 792 3008 capes
1103 2951 1154 2998 450

170 3019 256 3078 humi
270 3014 442 3104 dueentem]
476 3017 589 3078 scelera
605 3034 665 3076 nen
680 3017 791 3077 intrant
807 3034 889 3076 casas

238 3188 289 3238 428
307 3187 424 3238 deflecte
437 3188 462 3237 A
485 3188 571 3241 retis
598 3183 609 3251 ΙΙ
635 3186 686 3235 436
704 3184 882 3249 subgenubus
894 3184 920 3233 E
943 3184 992 3234 sed
1010 3186 1087 3250 geni·

169 3254 222 3304 bus
235 3256 260 3306 A
283 3250 295 3322 ss
318 3256 369 3307 488
386 3261 471 3306 uento
484 3257 510 3305 A
532 3253 595 3304 uelo
614 3267 628 3303 ε
651 3247 663 3318 ss
685 3255 735 3303 439
753 3260 935 3316 resurgensqt
953 3252 1087 3303 resistens

170 3335 205 3372 αε
227 3318 240 3389 [Ι
262 3324 313 3374 440
331 3325 465 3389 peruince
478 3323 504 3372 A
528 3323 625 3371 euiuce
641 3321 667 3369 E
689 3320 771 3370 uince
789 3320 851 3369 itm
873 3315 885 3385 l]
911 3321 962 3370 443
980 3320 1086 3373 TANT.

170 3389 251 3455 (Phy.
264 3390 302 3453 A)
321 3406 427 3441 summa
445 3397 487 3440 est
505 3393 649 3456 potestasN
661 3388 745 3436 THY.
763 3387 841 3437 nulla
859 3402 880 3436 s.
895 3402 919 3437 c.
932 3403 959 3439 n.
978 3405 1000 3438 ω
1020 3389 1088 3438 Tan·

168 3459 216 3507 tali
233 3465 259 3508 et
274 3459 400 3524 Thyestae
418 3461 518 3518 ποιηῑπα
534 3459 635 3508 sustulit
648 3456 724 3505 NHs.
747 3450 761 3520 [l
782 3452 1008 3513 renitescant,
1027 3474 1087 3508 coa-

165 3525 232 3590 stata
255 3541 290 3576 eae
308 3529 346 3577 eie
364 3543 428 3592 quae
445 3532 572 3578 secuntur.
602 3520 613 3590 ΙΙ
643 3525 692 3573 451
712 3537 807 3580 caeam
826 3538 845 3572 α
868 3538 949 3574 casas
967 3524 1016 3589 Εψ
1040 3522 1052 3592 [Ι
