2526 3986
517 243 696 291 Tnuesuus

157 384 226 463 quid
242 383 282 442 sit
295 382 372 462 quod
389 381 505 452 horres,
522 383 578 443 ede
596 391 626 444 et
641 389 793 443 auctorem
808 382 914 443 indica.

157 488 216 530 non
233 486 345 546 quaero
361 469 426 545 quis
441 469 488 536 sit,
505 468 556 528 sed
573 475 648 528 uter.
679 468 799 528 ellare
814 469 905 528 ocius.
1088 485 1139 534 640

122 593 137 625 e
199 567 304 613 nvu'r.
327 551 360 612 ln
377 569 446 612 arce
462 569 576 612 summe
593 553 728 631 pelopiae
743 569 815 631 pars
829 559 873 614 est
888 551 993 612 domus
1086 565 1109 616 Q·
1120 565 1174 606 XV1

157 655 302 698 conuersa
318 636 354 697 ad
370 642 496 705 austros,
516 641 602 698 ouius
618 646 787 698 extremum·
798 635 877 700 latus
1018 648 1041 692 r.
1052 647 1176 690 dxxvlssl

157 721 280 801 aequale
295 724 389 781 monti
405 723 514 782 crescit
528 729 617 799 atque
632 721 739 782 urbam
753 723 862 799 premit

156 817 185 869 et
200 814 405 868 contumacem
420 806 542 884 regibus
558 806 702 885 populum
718 807 780 868 suis
824 817 827 822 '

156 889 245 952 habet
260 890 316 951 sub
332 892 401 951 ictu.
429 890 522 969 fulget
536 891 584 951 hic
599 891 705 952 turbae
721 909 813 968 capax
1092 909 1142 960 645

157 980 275 1038 inmane
292 983 418 1044 tectum,
435 982 519 1036 cuins
534 983 653 1038 auratas
666 976 767 1037 trabes

141 1063 246 1122 uariis
262 1058 416 1121 columnae
433 1059 547 1121 nobiles
562 1062 685 1122 maculis
701 1061 810 1123 lerunt.

156 1154 224 1224 post
239 1148 293 1205 ista
308 1144 399 1223 uulgo
414 1153 483 1205 uota
500 1163 575 1225 quae
590 1146 693 1224 populi
709 1145 817 1216 colunt,

157 1233 186 1292 in
202 1229 292 1291 multa
309 1229 392 1290 diues
408 1230 501 1308 spatia
516 1231 640 1291 discedit
655 1232 770 1293 domus.

122 1331 146 1392 c'
200 1317 314 1377 Arcana
329 1316 361 1373 in
376 1316 436 1374 imo
452 1315 535 1393 regio
550 1321 670 1377 secessu
685 1319 768 1384 iacet,

159 1398 214 1460 alta
230 1405 381 1460 uetustum
396 1397 473 1460 ualle
489 1417 670 1478 conpescens
685 1417 800 1471 nemus,

133 1507 138 1516 Δ
156 1483 309 1564 penetrale
324 1485 426 1562 regui,
442 1483 521 1545 nulla
537 1503 595 1562 qua
610 1485 704 1546 laetos
718 1485 793 1546 solet

157 1569 303 1649 praebere
318 1586 418 1629 ramos
433 1568 523 1628 arbos
538 1577 588 1629 aut
603 1571 685 1630 lerro
701 1570 767 1640 coli,

158 1655 209 1715 sed
225 1663 310 1714 taxus
326 1659 355 1714 et
370 1671 530 1731 cupressus
546 1664 574 1714 et
589 1657 674 1733 nigra
690 1654 757 1715 ilice

158 1740 285 1800 obscura
302 1746 385 1798 nutat
399 1737 488 1808 silua,
505 1757 593 1816 quam
609 1757 700 1817 supra
717 1741 855 1800 eminans

158 1825 309 1902 despectat
324 1823 381 1883 alte
397 1841 526 1902 quercus
541 1832 575 1883 et·
586 1825 677 1884 uincit
691 1841 806 1885 nemus.

158 1909 230 1970 hinc
245 1909 392 1987 auspicari
408 1926 500 1986 regna
515 1907 687 1970 Tantalidae
703 1907 807 1977 solent,

159 1994 229 2054 hinc
243 2002 347 2072 petere
362 1992 448 2053 lassis
463 1991 556 2054 rebus
570 2011 604 2055 ao
619 1993 716 2054 dubiis
732 2011 828 2074 opem.

132 2094 149 2116 ¹*
201 2078 295 2139 dlfira
311 2077 471 2139 inhaerent
482 2079 572 2148 dona,
588 2079 709 2140 uocales
723 2079 813 2140 tubae

159 2163 307 2240 fractique
322 2181 429 2223 currus
444 2162 538 2242 spolia
554 2166 661 2243 myrtei
676 2165 777 2236 maria

160 2249 315 2326 uictaeque
331 2246 410 2308 salsis
426 2247 530 2308 axibus
546 2249 677 2326 pendent
692 2259 784 2319 rotae,

159 2341 188 2395 et
203 2350 291 2393 omne
306 2335 403 2411 gentis
418 2332 542 2404 lacinus,
558 2334 616 2395 hoc
626 2334 775 2414 phrygius
790 2333 857 2394 loco

157 2419 234 2478 fixus
251 2417 484 2496 tiarasrPelopis,
502 2417 551 2478 hic
565 2418 675 2497 praeda
693 2421 822 2479 hostium

159 2512 188 2563 et
205 2503 242 2563 de
257 2503 409 2579 triumpho
425 2505 503 2583 picta
518 2502 678 2564 barbarico
695 2502 835 2580 chlamys.

160 2589 226 2647 lons
241 2594 299 2647 stat
312 2587 496 2647 sub-umbra¹
506 2590 598 2648 tristis
615 2596 647 2646 et
659 2590 743 2666 nigra
760 2589 845 2665 piger

228 2758 278 2807 639
303 2755 371 2807 effer
389 2763 514 2807 autorem
533 2759 558 2808 A
589 2757 639 2807 ede
658 2763 686 2807 et
704 2763 844 2808 auctorem
862 2757 888 2806 E
911 2753 923 2824 l}
947 2758 1003 2819 640¹
1020 2773 1076 2807 non

158 2839 263 2888 quaero
282 2826 342 2889 quis
366 2827 404 2875 sit
421 2825 470 2876 sed
488 2832 512 2889 ψ
534 2828 595 2889 (aiei
611 2829 680 2891 quod
696 2842 746 2878 non
768 2829 843 2878 uadi:
866 2841 922 2876 non
939 2824 1076 2890 quiseed,

158 2895 214 2942 ael:
233 2907 290 2942 non
307 2893 372 2956 quid
388 2893 425 2943 sit
443 2892 503 2954 aed)
527 2909 582 2944 non
601 2909 704 2959 quaero
723 2895 785 2960 quia
804 2895 854 2946 aad
872 2910 891 2944 α
918 2909 973 2944 non
992 2907 1084 2958 quero

159 2960 225 3025 quid
243 2963 281 3010 sit
298 2960 347 3010 sed
364 2961 463 3012 Enna
479 2956 499 3028 ΙΙ
526 2963 575 3012 641
593 2961 701 3028 pelopia
719 2977 783 3028 para
802 2966 845 3012 est
863 2963 998 3024 domnam
1027 2976 1074 3024 pe·

158 3029 231 3094 lepis
249 3043 305 3078 una
324 3033 448 3095 estpars
467 3029 562 3080 domus
582 3045 601 3079 uc
617 3031 754 3096 pelopeae
771 3045 836 3095 pars
855 3046 879 3081 e.
899 3029 924 3078 d.
941 3029 982 3078 dd
999 3028 1075 3093 pelo·
1135 3047 1141 3058 ⁸

158 3111 247 3161 paeae
270 3112 297 3161 p.
317 3112 340 3148 e.
360 3097 385 3147 d.
404 3098 430 3147 Ε
457 3097 595 3163 pelopiee
617 3098 668 3152 Boi
698 3095 712 3164 ΙΙ
743 3099 795 3148 647
817 3097 961 3148 columbae
981 3112 999 3145 α
1030 3111 1077 3146 co-

158 3163 288 3230 lumpnae
311 3165 362 3230 Εψ
390 3161 401 3230 ll
431 3168 481 3216 650
499 3167 578 3230 regia
600 3181 713 3216 recessu
732 3167 756 3215 A
781 3167 891 3230 regiae
922 3178 1034 3215 secessu
1051 3163 1077 3212 Ε

158 3234 236 3298 regio
255 3247 369 3283 secessu
386 3242 410 3297 ψ
428 3230 445 3300 Η
472 3234 588 3299 patedA
606 3235 683 3284 iacet
694 3219 761 3284 Enii
783 3230 796 3300 Η
818 3235 868 3284 666
886 3248 919 3281 su
940 3232 1077 3281 reminene

157 3300 184 3349 Ε
206 3297 220 3367 ss
242 3301 720 3366 6581aesiaAEtlaesisEfflr.)
742 3302 809 3352 οιΑ
833 3249 939 3365 aedil}
967 3301 1021 3350 661'
1035 3299 1076 3348 ui·

157 3375 261 3434 taeque
273 3369 300 3420 Ε
317 3371 466 3435 dictaeque
479 3371 505 3420 Α
528 3370 686 3466 sellaeque
699 3373 730 3420 ci.
744 3370 820 3418 Nlie.
843 3369 1025 3432 iunctaeque
1044 3369 1078 3417 ci.

157 3453 209 3535 .B⁰'
240 3449 254 3588 Ιι
282 3456 332 3506 666
355 3455 452 3521 pelops
469 3454 495 3503 Ε
524 3451 536 3522 {l
564 3455 615 3506 664
637 3469 731 3508 eamus
750 3453 775 3502 Ε
796 3451 887 3516 (aedo
903 3456 1078 3505 a1m.com·.

155 3521 225 3586 ¹²¹5)
255 3518 262 3589 l
829 3604 876 3668 6*
