2490 3984
147 85 171 130 ὓ
419 158 602 207 nnnovnus
620 145 807 227 [onrauvs]
932 118 935 126 ¹
1011 142 1078 232 381,

158 304 301 363 moritura
318 308 399 362 certe
416 317 544 377 corpore
560 297 720 376 amplectar
735 316 812 358 meo.

159 389 201 447 ire
216 388 261 447 ire
277 385 311 445 ad
329 384 451 445 umbras
467 381 602 457 Herculis
618 391 739 461 nuptam
756 381 828 442 libet

141 470 211 532 'sed
227 489 286 530 non
303 469 435 531 inultam.
466 470 490 528 si
506 467 577 547 quid
594 487 609 527 e
625 475 727 528 nostro
743 466 870 527 Hercule

159 556 296 633 concepit
310 553 384 615 lole:
409 553 546 614 manibus
561 551 685 614 auellam
703 553 776 612 meis

160 645 227 699 ante
244 648 272 700 et
286 656 341 716 per
355 640 436 717 ipsas
452 636 593 716 paelicem
609 637 747 698 incedam
764 635 852 696 laces.

158 742 207 784 me
224 724 347 802 nuptiali
361 724 512 785 uictimam
527 723 615 782 ieriat
630 721 676 782 die

159 808 298 878 iniestus,
316 806 396 868 lolen
414 808 483 867 dum
500 825 590 886 supra
607 807 771 867 exanimem
789 823 883 864 ruam.

160 892 228 954 ielix
244 893 334 962 iacet,
352 895 546 973 quicumque,
564 910 637 970 quos
653 890 728 960 odit,
746 891 863 967 premit.

159 992 261 1038 rivulo.
278 977 347 1058 quid
364 980 426 1055 ipsa
442 976 576 1038 flammas
592 976 687 1054 pascis
703 983 732 1036 et
746 983 862 1036 uastum
879 973 962 1033 foues

159 1062 237 1122 ultro
253 1062 386 1122 dolorem
402 1061 529 1122 misera?
551 1061 620 1139 quid
638 1077 752 1121 cassum
768 1059 874 1120 times?

160 1145 262 1208 dilexit
277 1146 357 1208 lolen
374 1165 496 1225 nempe,
515 1163 582 1207 cum
599 1153 690 1205 staret
705 1161 814 1222 parcos

159 1231 297 1309 regisque
313 1239 411 1292 natam
426 1239 551 1310 peteret.
582 1248 618 1291 en
636 1229 762 1290 famulae
777 1233 809 1290 in
824 1226 922 1288 locum

160 1316 261 1392 regina
279 1316 397 1376 cecidit:
422 1315 551 1388 perdidit
566 1315 646 1371 uires
661 1331 745 1371 amor

160 1397 302 1475 ulcusque
318 1395 354 1455 ab
370 1395 418 1454 illo
433 1396 524 1454 traxit
538 1394 640 1455 inlelix
655 1400 741 1457 stetu.
786 1439 789 1444 -

161 1479 271 1540 inlicita
288 1485 436 1548 amantur,
454 1478 563 1540 excidit
577 1478 717 1558 quicquid
733 1478 810 1539 licet.

163 1577 283 1624 numu.
303 1564 419 1623 fortuna
435 1580 567 1623 amorem
584 1564 667 1640 peior
682 1563 845 1624 inflammat
861 1563 962 1639 magis,

164 1657 242 1709 amat
257 1647 304 1708 uel
320 1650 434 1724 ipsum,
452 1647 529 1727 quod
547 1655 628 1707 caret
643 1649 738 1724 patrio
753 1647 830 1716 lare,

163 1733 243 1810 quod
260 1733 356 1793 nudus
372 1750 443 1792 auro
460 1733 549 1791 crinis
565 1739 594 1792 et
609 1749 724 1808 gemma
739 1732 830 1801 iacet,

165 1819 243 1896 ipsas
258 1817 429 1877 misericors
445 1817 544 1876 forsan
561 1833 718 1876 aerumnas
734 1825 819 1876 amat.

161 1915 264 1962 nuru.
280 1902 339 1961 hoc
354 1902 493 1961 usitatum
510 1908 555 1960 est
569 1900 704 1970 Herculi,
722 1908 822 1980 captas
839 1909 926 1960 amat.

162 1985 268 2046 dilecta
284 1986 393 2046 Priami
409 2003 516 2063 nempe
533 1985 666 2046 dardanii
681 2003 767 2046 soror

161 2088 300 2131 concessa
317 2069 425 2131 famula
442 2078 496 2130 est.
527 2069 610 2130 adice
625 2076 697 2149 quot
712 2077 818 2149 nuptas
833 2070 916 2150 prius

162 2163 234 2234 quot
249 2157 379 2234 uirgines
390 2154 510 2216 dilexit:
536 2155 647 2214 errauit
661 2171 764 2232 uagus,

162 2240 279 2300 arcadia
295 2258 402 2318 nempe
417 2239 503 2316 uirgo
519 2238 661 2317 palladios
676 2239 784 2301 choros

229 2494 278 2542 347
291 2492 413 2542 herculis
426 2493 451 2540 Ε
463 2492 578 2542 Herculi
590 2493 657 2544 Aac
669 2489 680 2558 ΙΙ
692 2497 806 2556 nuptam
820 2489 945 2551 (nubtum
959 2498 976 2542 t.
990 2489 1079 2553 Gran.)

162 2558 188 2607 E
201 2559 284 2611 Basit.
297 2576 345 2623 mp.
363 2560 488 2610 iunctam
505 2569 528 2624 ψ
546 2560 649 2609 uictam
669 2562 694 2610 A
724 2556 736 2624 11
764 2561 814 2610 348
834 2576 848 2609 e
867 2563 960 2610 nostro
979 2561 1027 2623 ep?
1046 2573 1079 2608 ex

163 2631 257 2676 nostro
275 2628 300 2677 A
312 2623 324 2693 ΙΙ
341 2628 389 2679 349
409 2626 529 2677 auellam
547 2627 572 2675 E
591 2630 656 2677 ‘ciii’
676 2636 692 2678 t.
715 2628 870 2679 Commelioo.
890 2627 1009 2676 euellam
1028 2627 1053 2676 A
1077 2623 1080 2692 l

163 2697 332 2762 355casum
355 2699 376 2745 ω’
407 2710 525 2744 cassum
549 2697 608 2746 cdd.
632 2697 746 2746 Venetae
769 2703 793 2746 et
812 2695 922 2760 Herbip.
940 2696 1053 2760 Lipsius.
1078 2693 1080 2760 l

163 2762 215 2812 356
234 2777 295 2811 oum
314 2766 402 2812 staret
419 2778 519 2828 parens
537 2762 563 2810 E
591 2763 654 2812 dnm
674 2763 870 2814 starentlares
889 2766 914 2813 A
942 2759 956 2829 ll
984 2765 1032 2813 357
1051 2765 1080 2812 in

163 2829 286 2878 famulae
305 2831 330 2878 A
355 2831 426 2879 enim
446 2831 511 2880 fam.
531 2831 556 2878 Ε
582 2845 620 2879 en
638 2831 759 2881 famulae
778 2833 812 2881 in
831 2830 920 2881 locum
938 2832 1039 2895 scripsi.
1064 2827 1075 2896 ll

162 2898 212 2947 359
230 2897 402 2961 aneumque
420 2902 461 2948 uel
478 2898 646 2961 vultumque
664 2898 689 2946 Ε
700 2914 717 2962 9
729 2895 740 2965 [1
758 2899 793 2949 ab
811 2899 860 2948 illo
879 2915 900 2949 ω
912 2894 924 2965 ll
936 2902 1027 2948 status
1040 2900 1080 2949 εΑ

161 2968 240 3014 statu
263 2965 371 3014 R1011
406 2961 417 3031 11
450 2965 615 3030 Vultumque
645 2967 764 3017 anilem
792 2971 812 3016 1.
839 2968 857 3015 i.
887 2970 976 3016 status
1001 2965 1079 3016 Gron.

161 3036 227 3084 conl.
246 3050 271 3085 u.
289 3034 348 3088 397.
378 3032 551 3097 Multumque
576 3034 611 3084 ab
635 3033 689 3083 illa
708 3036 835 3100 carpsit
857 3034 875 3084 i.
897 3037 986 3083 status
1004 3033 1080 3086 NHe.

161 3100 343 3166 Vulnueque
366 3104 409 3150 uel
436 3102 583 3166 Vleucque
613 3102 647 3151 ab
671 3100 720 3152 illo
743 3107 763 3153 t.
787 3103 806 3154 i.
832 3105 921 3152 status
944 3101 1081 3152 [Mueller

163 3167 333 3234 Gallumque
361 3169 395 3219 ab
414 3168 468 3218 illa
491 3174 510 3218 t.
531 3171 549 3219 i.
569 3173 658 3220 status
680 3186 727 3234 epo
745 3179 822 3220 antea
840 3176 865 3220 et
885 3170 937 3220 GR.
969 3170 1080 3224 Vlcus·

164 3251 214 3300 que
234 3237 269 3287 ab
289 3236 336 3286 illo
355 3241 374 3285 1.
393 3240 411 3286 i.
431 3240 512 3287 statu
528 3239 630 3302 scripsi.
652 3234 663 3303 ll
687 3241 736 3290 362
754 3239 843 3303 ipsum
862 3251 875 3289 ε
886 3241 921 3304 p?
933 3238 974 3287 oc
990 3239 1080 3302 ipsam

164 3304 189 3352 A
213 3300 224 3368 ΙΙ
247 3305 534 3370 oecumenium.
556 3308 642 3360 udaer.
661 3322 692 3357 m.
716 3322 766 3357 sec.
786 3310 827 3356 uel
844 3309 930 3358 tertia.
948 3307 974 3356 E
996 3303 1008 3372 ΙΙ
1031 3307 1081 3357 366

164 3371 265 3433 priami
283 3373 346 3422 eRA
365 3374 471 3437 priamo
489 3377 531 3423 uel
548 3374 635 3438 primo
654 3371 700 3440 '‘l’ll
713 3374 828 3425 dardani
846 3371 894 3440 ΕΗ
907 3377 957 3426 367
975 3374 1081 3425 famula

164 3437 212 3501 Εψ
232 3439 333 3489 famulo
352 3441 377 3489 A
401 3439 412 3506 11
