2516 3998
503 236 703 285 PRAEFATIO
1015 239 1082 288 xnt

130 414 198 454 uero
220 405 283 452 ante
306 396 454 452 Frontonis
476 405 593 454 aetatem
612 399 704 469 potuit
725 397 832 454 scribis
855 397 921 453 Nam
937 415 998 454 cum
1021 397 1081 455 aliis

130 480 299 556 argumentis
308 481 422 538 Vaterus
431 479 518 552 (misc.
530 481 590 538 crit.
603 481 698 539 lasev
709 481 824 539 inlahni
834 483 920 538 annal.
933 484 1081 556 phil.v1111

131 567 212 624 1853
229 585 257 640 p.
269 565 331 624 588
344 565 416 640 sqq.)
433 574 461 622 et
475 567 608 622 Braunius
624 564 653 638 (l.
669 566 687 621 l.
704 584 731 639 p.
742 566 781 624 56
796 565 830 639 s.)
847 567 986 629 euiceriut
1004 585 1082 641 prae·

130 660 218 708 textae
230 660 370 707 auctorem
382 667 437 706 non
448 668 535 724 paruo
549 653 680 725 temporis
697 651 843 708 interuallo
855 651 889 708 ab
901 660 990 708 aetate
998 652 1082 710 Nero·

129 737 208 792 niana
230 736 347 798 distare,
371 744 428 792 tum
447 744 477 790 ut
493 735 645 792 releramus
664 742 728 810 post
749 752 811 792 euru
834 738 882 811 qui
896 736 1041 792 Herculem
1056 754 1081 794 11
1100 743 1103 750 ’

130 821 253 894 scripsit,
283 821 403 878 rationes
427 823 556 878 metricae
584 821 728 877 adducunt.
774 821 808 876 Vt
829 837 895 878 uero
924 821 1081 878 adcuratius

130 903 257 962 Octauiae
269 913 385 962 aetatem
398 904 566 968 definiamus.
582 921 618 962 ne
630 923 644 961 a
656 921 722 962 uero
735 906 816 962 nimis
829 907 910 978 louge
923 906 1080 962 aberremus

129 1006 183 1046 non
199 1006 328 1045 ueremur
344 991 368 1046 si
383 991 441 1062 pari
458 989 515 1047 iere
532 989 679 1047 interuallo
696 990 755 1046 eius
772 999 911 1047 auctorem
926 992 1080 1048 seiunctum

129 1089 189 1130 esse
205 1074 322 1131 dicimus
337 1091 352 1130 a
368 1074 514 1131 Frontonis
531 1083 558 1130 et
574 1091 589 1130 a
603 1075 681 1132 boeti
698 1075 818 1131 saeculo.
848 1075 948 1130 Rerum
963 1077 1035 1131 enim
1051 1077 1079 1130 in

129 1159 179 1215 hac
192 1159 334 1233 tragoedia
350 1167 528 1217 tractatarum
540 1167 649 1233 praeter
660 1158 778 1216 Senecae
794 1158 879 1216 libros
896 1177 966 1233 quos
982 1159 1015 1215 de
1026 1159 1081 1215 cle·

129 1244 231 1300 mentia
247 1244 280 1300 ad
294 1244 429 1300 Neronem
445 1246 556 1318 scripsit
570 1244 633 1301 lons
649 1252 691 1300 est
706 1245 851 1318 primarius
867 1245 986 1311 Tacitus,
1002 1245 1081 1300 cuius

129 1329 218 1384 studia
233 1337 379 1402 postquam
396 1329 442 1385 diu
464 1331 571 1386 iacuere
586 1331 749 1386 resuscitata
764 1346 824 1386 esse
845 1337 944 1403 quarto
962 1328 1080 1391 saeculo,

129 1421 297 1470 auctorent
322 1413 433 1470 uidetur
461 1413 554 1470 Tacito
578 1414 707 1476 Caesare,
736 1415 870 1488 Vopiscus
897 1414 1080 1488 Hieronymus

129 1495 243 1554 Orosius
265 1506 410 1554 testantur.
454 1497 523 1564 Quid
545 1499 631 1572 igitur
651 1498 756 1572 inpedit
776 1500 924 1572 quominus
946 1499 998 1554 hoc
1019 1500 1080 1572 ipso

129 1582 237 1639 saeculo
254 1583 393 1641 Octauiam
410 1583 541 1657 scriptam
557 1599 618 1638 esse
633 1582 713 1640 nobis
727 1583 960 1657 persuadeamus?
988 1582 1080 1638 Eidem

129 1683 196 1722 uero
218 1666 330 1726 saeculo
352 1667 474 1741 uulgaris
498 1657 667 1724 recensionis
689 1668 822 1740 originem
844 1667 937 1722 deberi
967 1666 1081 1722 arbitra·

129 1767 197 1806 mur.
242 1751 315 1820 Quae
337 1760 369 1808 ut
389 1761 455 1825 post
474 1751 598 1808 lactanti
623 1751 667 1807 uel
689 1750 769 1807 Serui
792 1758 906 1806 aetatem
929 1751 998 1806 lacta
1020 1766 1081 1806 esse

130 1839 239 1909 nequit.
256 1836 293 1892 ita
308 1837 396 1892 multo
411 1845 477 1909 post
491 1836 518 1892 id
536 1844 643 1910 tempus
659 1852 714 1908 quo
730 1836 759 1890 E
772 1836 940 1892 recensionis
956 1835 1081 1908 archety-

129 1937 180 1994 pus
196 1929 321 1978 exaratus
337 1928 380 1976 est
403 1937 462 1978 eam
477 1930 566 1978 ortam
589 1937 650 1976 esse
666 1921 727 1978 inde
749 1919 904 1977 necessario
920 1919 1079 1992 configitur,

129 2006 202 2078 quod
217 2007 327 2063 chartac
348 2005 410 2062 illae
426 2006 637 2080 tragoediarum
653 2023 713 2062 cum
730 2007 755 2060 A
771 2005 897 2061 librarius
917 2022 963 2061 eas
978 2004 1080 2062 descri-

130 2090 198 2163 psit,
229 2091 317 2147 multo
345 2090 519 2164 grauioribus
540 2090 646 2146 damnis
672 2090 783 2148 allectae
811 2097 888 2145 erant
915 2089 960 2160 (u.
983 2087 1079 2162 inira).

131 2191 210 2247 quam
227 2175 328 2248 quibus
343 2175 438 2231 librari
454 2176 483 2230 E
497 2183 585 2233 aetate
601 2173 771 2232 laborabant.
810 2172 899 2242 Quare
915 2191 976 2230 cum
990 2189 1081 2246 neque

129 2267 192 2331 post
213 2268 318 2316 sextum
341 2259 385 2315 uel
407 2263 501 2334 potius
523 2260 667 2333 quintum,
699 2276 789 2333 neque
810 2267 873 2314 ante
894 2257 1009 2314 alterum
1032 2257 1079 2313 sed

131 2343 268 2417 aliquanto
282 2353 347 2418 post
359 2343 428 2400 laeta
445 2361 506 2400 osse
520 2362 576 2402 nou
589 2346 677 2418 possit
688 2360 743 2400 non
757 2343 837 2406 credi,
855 2352 953 2416 quarto
969 2342 1081 2399 uidetur

131 2427 272 2485 tribuenda
290 2447 351 2486 esse
367 2429 491 2492 saeculo,
518 2447 573 2504 quo
596 2431 657 2502 ipso
674 2428 791 2486 Senecae
807 2427 964 2502 philosophi
986 2435 1080 2484 aucto·

131 2511 238 2568 ritatem
261 2530 311 2587 per
326 2514 496 2570 lactantium
511 2513 706 2585 Hieronymum
722 2513 904 2584 Augustiuum
924 2513 1080 2567 restitutam

130 2613 190 2652 esse
211 2606 328 2655 constat.
367 2597 469 2666 Quodsi
486 2597 599 2654 Octauia
613 2595 696 2669 paulo
719 2603 785 2652 ante
797 2595 968 2652 recensionis
983 2594 1080 2667 uolga-

129 2684 167 2737 ris
183 2683 318 2756 originem
334 2684 477 2756 conposita
499 2691 556 2744 est,
584 2680 679 2754 quidni
701 2679 774 2737 illam
797 2680 830 2736 ab
852 2680 931 2736 initio
947 2696 1008 2736 eum
1029 2681 1080 2737 hac

130 2765 265 2823 coaluisse
287 2767 433 2841 putemus?
467 2767 552 2823 lmruo
574 2767 642 2822 haec
665 2765 758 2840 opinio
782 2783 813 2822 ea
834 2782 863 2821 re
884 2781 945 2821 cum
967 2767 1079 2821 maxime

129 2852 330 2925 conprobatur.
361 2851 435 2925 quod
463 2869 494 2908 ex
520 2849 647 2908 omuibus
673 2868 791 2924 quorum
818 2850 928 2924 quidem
954 2850 1079 2905 notitiam

128 2933 259 2992 babemus
283 2936 327 3006 (et
346 2951 496 3010 permagna
517 2945 560 2992 est
583 2933 678 3008 copia)
700 2935 870 2992 recensionis
892 2935 918 2989 Α
939 2933 1080 2990 codicibus

130 3035 164 3074 ne
184 3037 256 3076 uirus
278 3020 387 3094 quidem
408 3029 550 3094 praetexta
571 3029 647 3076 caret
668 3029 695 3075 et
712 3036 806 3076 omnes
832 3035 889 3074 eam
904 3037 960 3075 non
981 3019 1078 3075 ultimo

130 3105 177 3160 sed
191 3104 360 3178 paenultimo
381 3105 443 3162 loco
465 3105 573 3162 habent.
606 3103 755 3180 Quodque
777 3113 857 3180 pacto
873 3104 932 3160 lieri
954 3104 1079 3177 potuisse

128 3189 222 3246 credes
244 3191 297 3246 nisi
323 3189 357 3245 ab
379 3207 412 3247 eo
435 3193 481 3265 qui
505 3192 685 3264 archetypum
705 3190 837 3248 librorum
858 3188 1028 3246 recensionis
1051 3191 1077 3245 Α

132 3329 334 3338 ῇ--η-

129 3405 152 3458 6.
171 3408 211 3456 20.
247 3408 281 3456 In
299 3411 421 3458 aetatum
439 3407 625 3472 descriptione
643 3406 756 3456 Boetius
776 3403 865 3469 (115)
883 3421 937 3455 uon
955 3407 1079 3470 sequitur

129 3471 189 3524 Oct.
204 3476 254 3524 408
269 3489 328 3540 sqq.
347 3475 396 3526 sed
413 3474 494 3526 Ouid.
512 3475 548 3527 M.
565 3475 624 3524 189
637 3489 695 3538 sqq.
714 3478 743 3523 et
759 3473 822 3525 Seu.
835 3473 939 3527 Phaed.
952 3474 1003 3525 533
1016 3489 1076 3538 sqq.

128 3539 171 3590 De
184 3539 340 3594 Claudiano
352 3559 379 3599 u.
391 3547 448 3598 not.
463 3543 499 3595 ad
511 3559 539 3609 p.
551 3557 630 3594 vum.
