2516 3998
434 223 628 328 unacunosj
642 248 803 338 [evenus]

123 412 147 468 o'
467 403 599 463 Monstra
614 405 671 464 iam
689 406 795 468 desunt
809 409 882 469 mihi

157 489 316 568 minorque
332 487 416 549 labor
433 496 477 548 est
491 487 612 548 Herculi
627 491 704 550 iussa
723 495 830 570 exequi

158 592 247 654 quam
262 572 336 634 mihi
357 572 499 633 iubere.
524 571 618 633 laetus
633 577 759 654 imperia
775 579 892 657 exeipit

125 689 139 721 e
201 657 266 728 Quo
282 658 345 719 fera
362 658 478 737 tyranni
492 657 592 718 iussa
609 658 739 722 uiolento
757 672 866 740 queant

156 761 268 804 nocere
283 743 402 804 iuueni?
423 756 531 819 nempe
546 761 601 820 pro
617 743 681 804 telis
697 748 773 823 gerit

157 847 234 908 quae
249 827 346 888 timuit
361 835 391 887 et
406 845 482 905 quae
498 826 582 887 fudit.
607 837 737 890 armatus
753 833 835 892 uenit

157 913 244 974 leone
261 920 290 974 et
305 912 407 991 hydra.

122 1017 144 1065 o'
468 994 529 1055 Nee
546 997 617 1057 satis
632 1004 730 1060 terrae
746 1008 857 1078 patent.

158 1082 275 1160 effregit
291 1099 360 1142 ecoe
375 1080 467 1142 limen
482 1080 592 1142 inierni
607 1081 687 1143 iouis

160 1176 188 1227 et
203 1167 301 1245 opima
316 1166 388 1226 uicti
403 1167 482 1242 regis
498 1164 535 1224 ad
551 1183 677 1242 superos
692 1167 793 1229 reiert.

119 1257 152 1307 o“
204 1251 314 1311 Parum
330 1257 375 1311 est
389 1250 518 1310 reuerti:
535 1249 639 1311 foedus
656 1251 830 1313 umbrarum
846 1255 932 1332 perit.

160 1333 239 1419 [uidi
251 1339 328 1412 apsa,
346 1337 413 1396 uidi
426 1342 513 1396 noete
528 1337 666 1396 discussa
681 1338 815 1410 inferum
1091 1350 1125 1398 50

157 1429 186 1481 et
200 1422 271 1481 Dite
285 1423 397 1481 domito
411 1422 509 1495 spolia
525 1423 687 1490 iactantem
696 1426 790 1498 patri

153 1505 313 1578 fraterno.
358 1522 490 1566 cernon
505 1508 641 1566 uinctum
656 1515 686 1566 et
700 1525 877 1586 oppressum
893 1512 990 1570 trahit

157 1594 256 1665 ipsum
270 1593 387 1651 eatenis
395 1593 492 1665 pario
507 1593 648 1650 sortitum
663 1593 735 1652 Ioui

157 1676 317 1750 Ereboque
330 1681 423 1750 capto
436 1677 553 1750 potitur
568 1682 597 1733 et
611 1673 867 1760 retemtsryqarp

155 1759 302 1836 patefacta
317 1756 353 1818 ab
369 1759 436 1818 imis
451 1757 588 1818 manibus
603 1765 684 1818 retro
700 1759 748 1820 uia
764 1767 809 1820 est

160 1852 189 1904 et
205 1861 289 1904 saera
306 1843 387 1903 dirae
402 1843 506 1905 mortis
522 1844 552 1901 in
569 1850 673 1921 aperto
687 1844 793 1905 iaoent.

125 1967 139 2000 c
203 1929 246 1986 At
261 1928 315 1988 iste
330 1933 419 2005 rupto
436 1945 557 1987 oaroere
571 1927 746 1989 umbrarum
763 1928 847 1990 ierox

162 2012 199 2073 de
214 2030 264 2072 me
280 2011 444 2088 triumphat
461 2020 489 2072 et
505 2011 682 2089 superbifica
697 2031 787 2075 manu

159 2105 256 2157 atrum
272 2114 325 2175 per
340 2095 431 2156 urbes
447 2095 528 2155 ducit
543 2096 687 2174 argolicas
703 2117 817 2159 canem.

118 2196 142 2244 ε’
203 2181 272 2242 Viso
288 2180 435 2241 labantem
452 2180 582 2242 Cerbero
598 2182 661 2242 uidi
676 2183 753 2244 diem
1097 2193 1130 2242 60

155 2267 360 2344 pauidumque
376 2265 478 2326 solem.
501 2284 549 2326 me
566 2283 688 2344 quoque·
701 2269 809 2328 inuasit
822 2275 935 2330 tremor

157 2361 187 2411 et
201 2357 277 2412 tetra
293 2351 420 2410 monstri
437 2349 512 2409 oolla
528 2350 645 2412 deuicta
660 2353 779 2413 intuens

154 2437 240 2496 timui
255 2436 427 2514 imperasse.

121 2551 136 2584 e
461 2519 550 2579 Leuia
566 2520 619 2579 sed
634 2522 757 2581 nimium
774 2538 893 2600 queror.

157 2602 264 2665 eaelo
280 2602 444 2664 timendum
462 2612 515 2672 est,
531 2621 622 2680 regna
638 2622 676 2664 ne
693 2623 807 2666 summa
824 2613 948 2685 occupet

156 2689 206 2765 qui
221 2688 293 2748 uicit
306 2689 375 2757 ima,
392 2695 508 2766 sceptra
522 2689 685 2768 praeripiat
699 2691 785 2768 patri.
1093 2698 1126 2746 65

153 2831 358 2840 m*

223 2928 257 2976 43
276 2925 336 2988 Quo
354 2925 401 2988 Vp
415 2924 494 2986 Quae
507 2925 547 2975 εΑ
563 2921 577 2986 [l
594 2928 627 2974 49
635 2925 677 2975 'al'
690 2927 760 2990 petit
772 2925 809 2974 E²
820 2943 868 2991 my.
889 2923 902 2994 Η
923 2945 962 2976 uu.
976 2929 1078 2979 50—54

153 2994 240 3043 deleui
257 2993 457 3058 dittopraplrium
475 2993 509 3055 of.
528 3009 552 3044 u.
572 2996 604 3042 60
621 3009 677 3058 sqq.
701 2989 713 3059 Η
742 2993 847 3044 inferus
871 2995 897 3044 V
899 2993 905 3025 ¹
931 2992 942 3060 ΙΙ
966 2998 998 3046 52
1017 2997 1076 3045 uin-

153 3064 228 3108 ctum
252 3061 301 3110 VA
329 3061 465 3110 uictume
495 3056 506 3126 {l
535 3059 632 3124 trahit)
651 3061 693 3110 hit
710 3065 736 3111 tn
753 3077 807 3113 roa.
826 3060 863 3111 E²
890 3059 903 3128 Η
932 3065 965 3113 54
984 3063 1078 3114 cerbe-

153 3142 238 3191 roque
262 3129 310 3192 Vp
347 3123 359 3194 ΙΙ
393 3129 482 3178 deeora
506 3130 608 3178 uidetur
625 3145 679 3179 ooo:
702 3131 804 3193 potitur
826 3130 851 3179 V
878 3125 889 3195 11
925 3133 952 3179 et
973 3132 1078 3195 retegit

152 3195 204 3244 EA
226 3199 254 3244 et
266 3195 339 3259 tegit
355 3195 381 3244 V
398 3199 425 3245 et
438 3195 558 3262 relegit
576 3197 653 3246 With.
674 3213 712 3245 en
730 3197 832 3260 retegit
843 3197 917 3250 Bau:
927 3199 967 3248 ed.
976 3200 1043 3247 1798
1054 3194 1067 3264 ss

152 3263 254 3328 stigam
277 3264 304 3312 V
330 3257 343 3329 [Ι
371 3263 403 3313 56
427 3261 511 3312 durae
530 3261 565 3312 E¹
584 3270 651 3315 totus
669 3279 758 3314 uersus
776 3264 849 3314 abeat
870 3266 896 3314 V
928 3259 939 3330 Η
969 3265 1001 3314 57
1019 3265 1073 3316 iste

156 3331 243 3380 VBM
265 3329 314 3380 ille
334 3330 373 3381 εΑ
397 3327 410 3397 ΙΙ
438 3331 471 3380 60
489 3331 631 3381 labentem
648 3333 674 3381 V
694 3327 705 3398 ΙΙ
729 3333 761 3381 62
779 3336 854 3381 tetra
871 3333 918 3393 Vu
941 3331 1073 3382 thetraE

151 3400 178 3446 in
194 3413 248 3447 rao.
268 3406 349 3449 terne
367 3398 392 3447 A
427 3394 439 3464 Ι]
473 3397 584 3448 deuicta
606 3401 632 3449 V
652 3399 756 3450 deuicti
774 3399 799 3448 E
823 3399 912 3459 (litera
933 3400 943 3448 i
961 3401 988 3450 in
1004 3402 1073 3464 ras.)

152 3465 178 3513 A
212 3461 224 3531 Η
258 3467 291 3516 63
312 3462 504 3529 lsedlnimium
534 3465 574 3530 (ni
603 3471 628 3516 tn
651 3466 717 3528 roa.)
740 3463 776 3514 E²
804 3467 945 3516 minimum
976 3467 1010 3518 V¹
1050 3465 1063 3535 ss

152 3533 185 3583 65
200 3535 309 3599 pripiat
331 3535 357 3583 V
390 3534 542 3599 praeripiet
559 3534 584 3582 E
604 3533 668 3597 (raa.
681 3537 749 3583 inter
762 3550 776 3584 e
789 3541 815 3584 et
829 3533 852 3598 r)
866 3536 891 3584 A
