2526 3986
488 209 493 218 ¹
524 217 703 266 'PHYESTES

154 357 319 437 foedusque
335 359 467 435 iungent.

154 455 257 502 rsnr.
504 460 592 521 qnam
609 450 706 503 temen
722 442 857 506 lrandem
873 446 976 506 times?

113 515 140 572 b'
197 539 278 586 ΤΗΥ.
303 526 444 587 Omnem:
460 527 559 586 timori
574 545 663 606 quem
679 545 745 588 meo
761 536 886 589 statuam
902 531 1043 592 modum?

153 619 268 672 tantum
284 619 382 690 potest
397 617 539 690 quantum
555 611 624 672 odit.

154 709 257 756 rerer.
680 697 710 756 in
727 706 754 758 te
769 697 839 777 quid
856 701 971 776 potestl

155 793 235 840 rflr.
259 797 315 857 pro
331 797 379 840 me
394 779 467 840 nihil
483 781 539 841 iem
555 788 671 851 metuo,
688 799 743 842 uos
757 783 853 843 lenitis
869 783 942 844 mihi
1089 788 1139 838 485

154 865 242 924 Atrea
258 865 432 925 timendum.

155 962 258 1008 rsnr.
468 949 564 1029 decipi
581 957 684 1028 coptus
698 952 803 1011 times?

157 1045 238 1093 ΤΗΥ.
262 1050 360 1093 serum
377 1040 421 1093 est
437 1034 562 1094 canendi
577 1044 695 1113 tempus
710 1037 740 1096 in
756 1036 860 1096 mediis
874 1036 968 1097 malis.

132 1119 145 1168 f
203 1116 303 1178 Eatur.
332 1136 423 1178 unum
441 1119 555 1197 genitor
571 1120 628 1180 hoo
643 1127 736 1180 testor
752 1128 866 1182 temen:

156 1219 281 1279 egenos
297 1219 405 1282 sequor
421 1209 480 1263 non
497 1204 583 1264 duco.

155 1299 258 1348 rsnr.
625 1291 766 1367 respiciet
781 1289 854 1352 deus

155 1369 232 1431 bene
248 1371 384 1448 cogitate.
402 1373 443 1416 -’
457 1390 549 1450 perge
564 1391 623 1433 non
640 1374 729 1435 dnbio
745 1375 848 1451 gradu.
1089 1380 1139 1429 490

155 1569 299 1617 Arnnvs
317 1569 504 1619 THYESTES.
522 1571 705 1621 TANTALVS
716 1573 932 1622 Pnisrflnnns
943 1574 1069 1621 ΤΑΟΙΤΙ.

76 1767 77 1773 ¹
122 1709 140 1766 ⁸.
199 1690 296 1770 Plagis
312 1700 429 1754 tenetur
444 1693 541 1754 clausa
558 1694 706 1772 dispositis
722 1696 799 1755 lere:

158 1780 186 1835 et
201 1777 297 1852 ipsum
315 1785 345 1837 et
358 1774 417 1838 nnn
432 1781 551 1854 generis
566 1780 654 1840 inuisi
669 1778 798 1840 indolem

155 1861 285 1921 iunctam
302 1864 419 1940 parenti
437 1881 537 1925 onrno.
566 1865 625 1924 iam
641 1871 704 1924 tuto
719 1863 785 1926 loeo

99 1974 101 1980 ,
155 1953 315 2005 uersentur
331 1947 411 2008 odia:
427 1950 509 2008 uenit
523 1951 553 2008 in
568 1955 685 2010 nostras
700 1967 805 2010 manus

155 2030 274 2091 tandem
290 2031 448 2109 Thyesten,
466 2034 561 2102 uenit,
579 2041 609 2094 et
623 2041 701 2094 totns
717 2034 844 2113 quidem.
1088 2038 1139 2087 495

123 2113 140 2164 b
201 2113 254 2174 Vix
269 2123 405 2193 tempero
421 2118 534 2188 animo,
551 2119 600 2178 uix
616 2103 701 2179 dolor
717 2119 817 2180 frenos
833 2120 919 2197 cepit.

156 2199 198 2257 sio
214 2217 280 2258 oum
297 2200 376 2261 ieras
392 2204 561 2278 uestigatet
576 2201 664 2280 longo
680 2221 768 2282 sagax

157 2280 221 2342 loro
237 2291 356 2345 tenetur
374 2284 480 2346 Vmber
496 2305 531 2346 ao
546 2304 649 2364 presso
666 2290 729 2348 nias

157 2375 305 2428 scrutatur
320 2386 373 2429 ore
389 2370 459 2430 dnm
475 2370 580 2450 procul
594 2371 674 2434 lento
689 2391 772 2433 suern

158 2451 250 2513 odore
266 2455 370 2513 sentit:
392 2465 478 2532 peret
493 2463 523 2516 et
537 2458 624 2517 tacito
639 2456 738 2518 locum

157 2544 255 2595 rostro
271 2547 416 2617 pererret.
440 2541 548 2617 praede
566 2560 633 2602 enm
650 2543 773 2621 propior
789 2542 852 2609 luit,

158 2623 276 2682 ceruice
291 2631 352 2683 tote
368 2632 479 2702 pugnet
494 2633 523 2685 et
538 2628 649 2702 gemitu
665 2632 753 2686 uocat

158 2705 310 2767 dominnm
326 2716 489 2770 morantem
506 2728 596 2788 seque
612 2712 751 2771 retinenti
766 2711 862 2787 eripit.

118 2780 145 2839 b'
201 2791 274 2850 Cum
290 2799 389 2869 sperat
405 2794 447 2853 ire
463 2798 637 2872 sanguinem
653 2797 748 2856 nescit
762 2796 831 2873 tegi,

226 3029 277 3078 484
300 3033 432 3092 qnantum
455 3047 480 3096 p.
505 3035 574 3081 tant.
593 3031 636 3081 od.
660 3049 679 3081 α
713 3036 820 3080 tantum
843 3048 870 3097 p.
894 3034 1027 3096 quantum
1050 3047 1072 3080 0.

157 3093 207 3160 Εψ
224 3091 250 3162 ἸΙ
284 3087 336 3146 487
363 3097 447 3150 ΤΗΥ.
467 3115 513 3150 om.
533 3116 555 3150 ω
576 3101 690 3150 restitnit
709 3100 780 3150 Grut.
810 3095 822 3165 ss
850 3099 901 3150 488
919 3096 1003 3149 THY.
1021 3105 1072 3162 εψ,

157 3178 204 3212 om.
222 3163 258 3214 A.
286 3164 339 3214 hoo
356 3165 502 3216 hortamen
520 3172 563 3217 est
580 3169 605 3217 Α
634 3168 763 3218 al'ortor
780 3171 874 3216 tamen
891 3167 915 3218 H
933 3181 1014 3230 supra
1031 3168 1073 3216 lin.

157 3230 209 3279 hoo
227 3236 316 3282 testor
333 3235 428 3283 tamen
445 3234 512 3284 ΕΕΕ
534 3231 546 3301 ΙΙ
568 3235 678 3286 Atreus.
697 3235 832 3300 Thyestes
852 3235 886 3284 Α.
921 3232 1072 3284 ATREVS.
1118 3243 1134 3272 ⁸

157 3297 357 3351 THYESTES.
391 3302 591 3355 TANTALVS.
625 3300 866 3354 PLISTHENES.
901 3298 1071 3368 TlAlCIlTlIl

156 3363 182 3414 E
205 3362 217 3431 ΙΙ
240 3368 290 3418 493
308 3367 415 3419 in'loeo
434 3370 460 3419 A
483 3373 513 3420 in
531 3387 580 3420 om.
597 3371 624 3421 Ε
651 3367 663 3437 ΙΙ
691 3371 742 3421 496
764 3370 858 3420 frenos
876 3369 954 3420 dolor
971 3369 997 3420 Ε
1019 3368 1073 3422 dol.

155 3433 227 3487 fr.A
250 3431 262 3501 ΙΙ
289 3437 340 3486 497
358 3438 434 3488 feros
452 3437 477 3487 Ε
491 3439 515 3500 (s
531 3455 548 3488 a
559 3456 590 3488 m.
604 3439 641 3498 2.)
665 3435 678 3504 [l
704 3439 829 3502 uestigat
840 3435 865 3486 Ε
884 3435 981 3502 (ultima
998 3439 1074 3492 litera

60 3567 63 3574 ι
155 3517 172 3550 α
189 3518 220 3552 m.
233 3503 272 3569 2.)
297 3499 309 3570 Η
331 3505 609 3558 49810toEloroA
632 3503 644 3571 ll
673 3508 724 3557 504
741 3507 864 3570 spirntp
882 3513 976 3571 sperat
987 3505 1040 3558 ΕΑ
1052 3505 1063 3574 ΙΙ
