<?xml version="1.0" encoding="UTF-8"?>
<!DOCTYPE html PUBLIC "-//W3C//DTD XHTML 1.0 Transitional//EN"
    "http://www.w3.org/TR/xhtml1/DTD/xhtml1-transitional.dtd">
<html xmlns="http://www.w3.org/1999/xhtml" xml:lang="en" lang="en">
 <head>
  <title>
</title>
<meta http-equiv="Content-Type" content="text/html;charset=utf-8" />
  <meta name='ocr-system' content='tesseract 3.04.00' />
  <meta name='ocr-capabilities' content='ocr_page ocr_carea ocr_par ocr_line ocrx_word'/>
</head>
<body>
  <div class='ocr_page' id='page_1' title='image "./lannaeisenecaet06senegoog_0317.png"; bbox 0 0 2550 3978; ppageno 0'>
   <div class='ocr_carea' id='block_1_1' title="bbox 165 141 816 206">
    <p class='ocr_par' dir='ltr' id='par_1_1' title="bbox 165 141 816 206">
     <span class='ocr_line' id='line_1_1' title="bbox 165 141 816 206; baseline -0.003 0"><span class='ocrx_word' id='word_1_1' title='bbox 165 141 231 206; x_wconf 83' lang='grc'><strong>264</strong></span> <span class='ocrx_word' id='word_1_2' title='bbox 444 158 477 206; x_wconf 79' lang='lat' dir='ltr'><strong>u.</strong></span> <span class='ocrx_word' id='word_1_3' title='bbox 502 156 635 204; x_wconf 77' lang='lat' dir='ltr'><strong>nunant</strong></span> <span class='ocrx_word' id='word_1_4' title='bbox 659 157 816 204; x_wconf 74' lang='lat' dir='ltr'><strong>sennenn</strong></span> 
     </span>
    </p>
   </div>
   <div class='ocr_carea' id='block_1_2' title="bbox 129 295 1062 2747">
    <p class='ocr_par' dir='ltr' id='par_1_2' title="bbox 167 295 467 376">
     <span class='ocr_line' id='line_1_2' title="bbox 167 295 467 376; baseline 0 -20"><span class='ocrx_word' id='word_1_5' title='bbox 167 295 314 376; x_wconf 86' lang='lat' dir='ltr'><strong>lugendus</strong></span> <span class='ocrx_word' id='word_1_6' title='bbox 329 295 467 358; x_wconf 80' lang='lat' dir='ltr'><strong>Helenae.</strong></span> 
     </span>
    </p>

    <p class='ocr_par' dir='ltr' id='par_1_3' title="bbox 134 381 1037 874">
     <span class='ocr_line' id='line_1_3' title="bbox 134 381 1037 458; baseline 0.001 -18"><span class='ocrx_word' id='word_1_7' title='bbox 134 381 158 440; x_wconf 71' lang='grc' dir='ltr'><strong>α’</strong></span> <span class='ocrx_word' id='word_1_8' title='bbox 520 382 632 442; x_wconf 86' lang='lat' dir='ltr'><strong>Durum</strong></span> <span class='ocrx_word' id='word_1_9' title='bbox 649 390 679 442; x_wconf 88' lang='lat' dir='ltr'><strong>et</strong></span> <span class='ocrx_word' id='word_1_10' title='bbox 692 382 823 442; x_wconf 91' lang='lat' dir='ltr'><strong>inuisum</strong></span> <span class='ocrx_word' id='word_1_11' title='bbox 839 391 869 443; x_wconf 89' lang='lat' dir='ltr'><strong>et</strong></span> <span class='ocrx_word' id='word_1_12' title='bbox 884 397 976 458; x_wconf 85' lang='lat' dir='ltr'><strong>graue</strong></span> <span class='ocrx_word' id='word_1_13' title='bbox 992 390 1037 442; x_wconf 85' lang='lat' dir='ltr'><strong>est</strong></span> 
     </span>
     <span class='ocr_line' id='line_1_4' title="bbox 167 464 792 544; baseline 0.005 -19"><span class='ocrx_word' id='word_1_14' title='bbox 167 467 287 527; x_wconf 85' lang='lat' dir='ltr'><strong>seruitia</strong></span> <span class='ocrx_word' id='word_1_15' title='bbox 303 467 397 536; x_wconf 90' lang='lat' dir='ltr'><strong>serre,</strong></span> <span class='ocrx_word' id='word_1_16' title='bbox 414 467 509 544; x_wconf 84' lang='lat' dir='ltr'><strong>patior</strong></span> <span class='ocrx_word' id='word_1_17' title='bbox 525 465 583 526; x_wconf 87' lang='lat' dir='ltr'><strong>hoe</strong></span> <span class='ocrx_word' id='word_1_18' title='bbox 599 464 668 526; x_wconf 88' lang='lat' dir='ltr'><strong>olim</strong></span> <span class='ocrx_word' id='word_1_19' title='bbox 684 467 792 544; x_wconf 89' lang='lat' dir='ltr'><strong>iugum</strong></span> 
     </span>
     <span class='ocr_line' id='line_1_5' title="bbox 168 549 903 628; baseline 0.001 -17"><span class='ocrx_word' id='word_1_20' title='bbox 168 551 254 611; x_wconf 89' lang='lat' dir='ltr'><strong>annis</strong></span> <span class='ocrx_word' id='word_1_21' title='bbox 270 550 372 610; x_wconf 87' lang='lat' dir='ltr'><strong>decem</strong></span> <span class='ocrx_word' id='word_1_22' title='bbox 390 550 514 628; x_wconf 87' lang='lat' dir='ltr'><strong>captiua.</strong></span> <span class='ocrx_word' id='word_1_23' title='bbox 547 557 727 628; x_wconf 89' lang='lat' dir='ltr'><strong>prostratum</strong></span> <span class='ocrx_word' id='word_1_24' title='bbox 743 549 828 612; x_wconf 90' lang='lat' dir='ltr'><strong>Ilium</strong></span> <span class='ocrx_word' id='word_1_25' title='bbox 845 561 903 621; x_wconf 84' lang='lat' dir='ltr'><strong>est,</strong></span> 
     </span>
     <span class='ocr_line' id='line_1_6' title="bbox 168 635 876 715; baseline 0.001 -20"><span class='ocrx_word' id='word_1_26' title='bbox 168 636 247 696; x_wconf 91' lang='lat' dir='ltr'><strong>uersi</strong></span> <span class='ocrx_word' id='word_1_27' title='bbox 263 642 394 712; x_wconf 84' lang='lat' dir='ltr'><strong>penates</strong></span> <span class='ocrx_word' id='word_1_28' title='bbox 426 635 553 715; x_wconf 86' lang='lat' dir='ltr'><strong>perdere</strong></span> <span class='ocrx_word' id='word_1_29' title='bbox 570 643 613 696; x_wconf 85' lang='lat' dir='ltr'><strong>est</strong></span> <span class='ocrx_word' id='word_1_30' title='bbox 628 637 752 714; x_wconf 85' lang='lat' dir='ltr'><strong>patriam</strong></span> <span class='ocrx_word' id='word_1_31' title='bbox 768 651 876 712; x_wconf 87' lang='lat' dir='ltr'><strong>graue,</strong></span> 
     </span>
     <span class='ocr_line' id='line_1_7' title="bbox 167 718 772 798; baseline 0.002 -19"><span class='ocrx_word' id='word_1_32' title='bbox 167 721 288 798; x_wconf 88' lang='lat' dir='ltr'><strong>grauius</strong></span> <span class='ocrx_word' id='word_1_33' title='bbox 303 721 419 780; x_wconf 88' lang='lat' dir='ltr'><strong>timere.</strong></span> <span class='ocrx_word' id='word_1_34' title='bbox 449 737 504 780; x_wconf 87' lang='lat' dir='ltr'><strong>uos</strong></span> <span class='ocrx_word' id='word_1_35' title='bbox 519 718 599 782; x_wconf 85' lang='lat' dir='ltr'><strong>leuat</strong></span> <span class='ocrx_word' id='word_1_36' title='bbox 615 722 688 780; x_wconf 90' lang='lat' dir='ltr'><strong>tanti</strong></span> <span class='ocrx_word' id='word_1_37' title='bbox 703 719 772 780; x_wconf 86' lang='lat' dir='ltr'><strong>mali</strong></span> 
     </span>
     <span class='ocr_line' id='line_1_8' title="bbox 168 805 811 874; baseline 0 -10"><span class='ocrx_word' id='word_1_38' title='bbox 168 805 340 874; x_wconf 75' lang='lat' dir='ltr'><strong>comitatus,</strong></span> <span class='ocrx_word' id='word_1_39' title='bbox 356 806 386 863; x_wconf 92' lang='lat' dir='ltr'><strong>in</strong></span> <span class='ocrx_word' id='word_1_40' title='bbox 403 822 449 864; x_wconf 93' lang='lat' dir='ltr'><strong>me</strong></span> <span class='ocrx_word' id='word_1_41' title='bbox 465 805 560 865; x_wconf 85' lang='lat' dir='ltr'><strong>uictor</strong></span> <span class='ocrx_word' id='word_1_42' title='bbox 576 811 605 866; x_wconf 90' lang='lat' dir='ltr'><strong>et</strong></span> <span class='ocrx_word' id='word_1_43' title='bbox 619 806 716 866; x_wconf 78' lang='lat' dir='ltr'><strong>uictus</strong></span> <span class='ocrx_word' id='word_1_44' title='bbox 732 806 811 867; x_wconf 82' lang='lat' dir='ltr'><strong>furit.</strong></span> 
     </span>
    </p>

    <p class='ocr_par' dir='ltr' id='par_1_4' title="bbox 133 888 965 1223">
     <span class='ocr_line' id='line_1_9' title="bbox 133 888 965 967; baseline 0.004 -18"><span class='ocrx_word' id='word_1_45' title='bbox 133 899 151 949; x_wconf 82' lang='lat' dir='ltr'><strong>d</strong></span> <span class='ocrx_word' id='word_1_46' title='bbox 212 889 306 961; x_wconf 84' lang='lat' dir='ltr'><strong>Quam</strong></span> <span class='ocrx_word' id='word_1_47' title='bbox 322 890 447 967; x_wconf 86' lang='lat' dir='ltr'><strong>quisque</strong></span> <span class='ocrx_word' id='word_1_48' title='bbox 462 888 601 950; x_wconf 86' lang='lat' dir='ltr'><strong>lamulam</strong></span> <span class='ocrx_word' id='word_1_49' title='bbox 618 889 766 959; x_wconf 84' lang='lat' dir='ltr'><strong>traheret,</strong></span> <span class='ocrx_word' id='word_1_50' title='bbox 783 891 898 952; x_wconf 84' lang='lat' dir='ltr'><strong>incerto</strong></span> <span class='ocrx_word' id='word_1_51' title='bbox 914 891 965 952; x_wconf 88' lang='lat' dir='ltr'><strong>diu</strong></span> 
     </span>
     <span class='ocr_line' id='line_1_10' title="bbox 168 973 791 1052; baseline 0 -18"><span class='ocrx_word' id='word_1_52' title='bbox 168 991 239 1035; x_wconf 83' lang='lat' dir='ltr'><strong>casu</strong></span> <span class='ocrx_word' id='word_1_53' title='bbox 256 973 411 1052; x_wconf 79' lang='lat' dir='ltr'><strong>pependit,</strong></span> <span class='ocrx_word' id='word_1_54' title='bbox 428 992 476 1034; x_wconf 89' lang='lat' dir='ltr'><strong>me</strong></span> <span class='ocrx_word' id='word_1_55' title='bbox 492 992 576 1034; x_wconf 90' lang='lat' dir='ltr'><strong>meus</strong></span> <span class='ocrx_word' id='word_1_56' title='bbox 592 975 680 1034; x_wconf 82' lang='lat' dir='ltr'><strong>traxit</strong></span> <span class='ocrx_word' id='word_1_57' title='bbox 694 976 791 1036; x_wconf 89' lang='lat' dir='ltr'><strong>statim</strong></span> 
     </span>
     <span class='ocr_line' id='line_1_11' title="bbox 167 1058 932 1146; baseline 0.005 -29"><span class='ocrx_word' id='word_1_58' title='bbox 167 1059 327 1118; x_wconf 87' lang='lat' dir='ltr'><strong>sinesorte</strong></span> <span class='ocrx_word' id='word_1_59' title='bbox 343 1059 488 1119; x_wconf 87' lang='lat' dir='ltr'><strong>dominus.</strong></span> <span class='ocrx_word' id='word_1_60' title='bbox 520 1076 608 1122; x_wconf 85' lang='lat' dir='ltr'><strong>causa</strong></span> <span class='ocrx_word' id='word_1_61' title='bbox 624 1058 770 1120; x_wconf 87' lang='lat' dir='ltr'><strong>bellorum</strong></span> <span class='ocrx_word' id='word_1_62' title='bbox 786 1060 828 1146; x_wconf 76' lang='lat' dir='ltr'><strong>[ui</strong></span> <span class='ocrx_word' id='word_1_63' title='bbox 928 1125 932 1129; x_wconf 69' lang='grc'><strong>,</strong></span> 
     </span>
     <span class='ocr_line' id='line_1_12' title="bbox 166 1142 884 1223; baseline 0.004 -21"><span class='ocrx_word' id='word_1_64' title='bbox 166 1150 325 1221; x_wconf 80' lang='lat' dir='ltr'><strong>tantaeque</strong></span> <span class='ocrx_word' id='word_1_65' title='bbox 341 1142 464 1204; x_wconf 85' lang='lat' dir='ltr'><strong>Teucris</strong></span> <span class='ocrx_word' id='word_1_66' title='bbox 480 1142 579 1204; x_wconf 82' lang='lat' dir='ltr'><strong>cladis</strong></span> <span class='ocrx_word' id='word_1_67' title='bbox 611 1143 667 1204; x_wconf 84' lang='lat' dir='ltr'><strong>hoe</strong></span> <span class='ocrx_word' id='word_1_68' title='bbox 683 1162 788 1204; x_wconf 90' lang='lat' dir='ltr'><strong>uerum</strong></span> <span class='ocrx_word' id='word_1_69' title='bbox 797 1152 884 1223; x_wconf 87' lang='lat' dir='ltr'><strong>puta.</strong></span> 
     </span>
    </p>

    <p class='ocr_par' dir='ltr' id='par_1_5' title="bbox 132 1227 826 1628">
     <span class='ocr_line' id='line_1_13' title="bbox 132 1227 826 1306; baseline 0.003 -18"><span class='ocrx_word' id='word_1_70' title='bbox 132 1229 159 1288; x_wconf 78' lang='grc' dir='ltr'><strong>(ι’</strong></span> <span class='ocrx_word' id='word_1_71' title='bbox 212 1227 355 1306; x_wconf 85' lang='lat' dir='ltr'><strong>Spartana</strong></span> <span class='ocrx_word' id='word_1_72' title='bbox 371 1235 470 1289; x_wconf 86' lang='lat' dir='ltr'><strong>uestra</strong></span> <span class='ocrx_word' id='word_1_73' title='bbox 486 1245 586 1306; x_wconf 88' lang='lat' dir='ltr'><strong>puppe</strong></span> <span class='ocrx_word' id='word_1_74' title='bbox 602 1229 626 1288; x_wconf 89' lang='lat' dir='ltr'><strong>si</strong></span> <span class='ocrx_word' id='word_1_75' title='bbox 641 1231 721 1289; x_wconf 81' lang='lat' dir='ltr'><strong>secui</strong></span> <span class='ocrx_word' id='word_1_76' title='bbox 736 1230 826 1298; x_wconf 85' lang='lat' dir='ltr'><strong>lreta,</strong></span> 
     </span>
     <span class='ocr_line' id='line_1_14' title="bbox 166 1311 797 1392; baseline 0.003 -20"><span class='ocrx_word' id='word_1_77' title='bbox 166 1313 192 1372; x_wconf 90' lang='lat' dir='ltr'><strong>si</strong></span> <span class='ocrx_word' id='word_1_78' title='bbox 207 1320 290 1391; x_wconf 87' lang='lat' dir='ltr'><strong>rapta</strong></span> <span class='ocrx_word' id='word_1_79' title='bbox 307 1311 439 1391; x_wconf 78' lang='lat' dir='ltr'><strong>phrygiis</strong></span> <span class='ocrx_word' id='word_1_80' title='bbox 453 1313 564 1391; x_wconf 87' lang='lat' dir='ltr'><strong>praeda</strong></span> <span class='ocrx_word' id='word_1_81' title='bbox 580 1313 742 1392; x_wconf 85' lang='lat' dir='ltr'><strong>remigibus</strong></span> <span class='ocrx_word' id='word_1_82' title='bbox 758 1314 797 1375; x_wconf 87' lang='lat' dir='ltr'><strong>lui</strong></span> 
     </span>
     <span class='ocr_line' id='line_1_15' title="bbox 167 1395 746 1475; baseline 0.003 -19"><span class='ocrx_word' id='word_1_83' title='bbox 167 1395 307 1475; x_wconf 84' lang='lat' dir='ltr'><strong>deditque</strong></span> <span class='ocrx_word' id='word_1_84' title='bbox 323 1396 434 1456; x_wconf 91' lang='lat' dir='ltr'><strong>donum</strong></span> <span class='ocrx_word' id='word_1_85' title='bbox 449 1397 539 1457; x_wconf 87' lang='lat' dir='ltr'><strong>iudici</strong></span> <span class='ocrx_word' id='word_1_86' title='bbox 556 1399 660 1457; x_wconf 77' lang='lat' dir='ltr'><strong>uictrix</strong></span> <span class='ocrx_word' id='word_1_87' title='bbox 677 1397 746 1458; x_wconf 87' lang='lat' dir='ltr'><strong>dea:</strong></span> 
     </span>
     <span class='ocr_line' id='line_1_16' title="bbox 166 1481 774 1559; baseline 0.007 -20"><span class='ocrx_word' id='word_1_88' title='bbox 166 1482 288 1559; x_wconf 82' lang='lat' dir='ltr'><strong>ignosce</strong></span> <span class='ocrx_word' id='word_1_89' title='bbox 303 1481 411 1542; x_wconf 89' lang='lat' dir='ltr'><strong>Paridi.</strong></span> <span class='ocrx_word' id='word_1_90' title='bbox 443 1481 570 1543; x_wconf 82' lang='lat' dir='ltr'><strong>iudicem</strong></span> <span class='ocrx_word' id='word_1_91' title='bbox 586 1483 692 1542; x_wconf 90' lang='lat' dir='ltr'><strong>iratum</strong></span> <span class='ocrx_word' id='word_1_92' title='bbox 710 1501 774 1544; x_wconf 90' lang='lat' dir='ltr'><strong>mea</strong></span> 
     </span>
     <span class='ocr_line' id='line_1_17' title="bbox 166 1565 483 1628; baseline 0.003 -3"><span class='ocrx_word' id='word_1_93' title='bbox 166 1565 304 1626; x_wconf 85' lang='lat' dir='ltr'><strong>habitura</strong></span> <span class='ocrx_word' id='word_1_94' title='bbox 321 1584 408 1626; x_wconf 84' lang='lat' dir='ltr'><strong>eausa</strong></span> <span class='ocrx_word' id='word_1_95' title='bbox 426 1575 483 1628; x_wconf 87' lang='lat' dir='ltr'><strong>est:</strong></span> 
     </span>
    </p>

    <p class='ocr_par' dir='ltr' id='par_1_6' title="bbox 131 1649 1062 2072">
     <span class='ocr_line' id='line_1_18' title="bbox 131 1649 899 1714; baseline 0.004 -4"><span class='ocrx_word' id='word_1_96' title='bbox 131 1650 165 1710; x_wconf 78' lang='lat' dir='ltr'><strong>d&#39;</strong></span> <span class='ocrx_word' id='word_1_97' title='bbox 522 1651 580 1712; x_wconf 88' lang='lat' dir='ltr'><strong>lsta</strong></span> <span class='ocrx_word' id='word_1_98' title='bbox 596 1649 762 1712; x_wconf 86' lang='lat' dir='ltr'><strong>Menelaum</strong></span> <span class='ocrx_word' id='word_1_99' title='bbox 778 1661 899 1714; x_wconf 87' lang='lat' dir='ltr'><strong>manent</strong></span> 
     </span>
     <span class='ocr_line' id='line_1_19' title="bbox 168 1734 857 1814; baseline 0.004 -20"><span class='ocrx_word' id='word_1_100' title='bbox 168 1734 301 1796; x_wconf 87' lang='lat' dir='ltr'><strong>arbitria.</strong></span> <span class='ocrx_word' id='word_1_101' title='bbox 333 1753 412 1796; x_wconf 87' lang='lat' dir='ltr'><strong>nune</strong></span> <span class='ocrx_word' id='word_1_102' title='bbox 427 1735 504 1796; x_wconf 82' lang='lat' dir='ltr'><strong>hanc</strong></span> <span class='ocrx_word' id='word_1_103' title='bbox 520 1734 648 1796; x_wconf 82' lang='lat' dir='ltr'><strong>luctibus</strong></span> <span class='ocrx_word' id='word_1_104' title='bbox 663 1736 783 1814; x_wconf 88' lang='lat' dir='ltr'><strong>paulum</strong></span> <span class='ocrx_word' id='word_1_105' title='bbox 801 1739 857 1798; x_wconf 89' lang='lat' dir='ltr'><strong>tuis</strong></span> 
     </span>
     <span class='ocr_line' id='line_1_20' title="bbox 166 1819 932 1902; baseline 0.005 -22"><span class='ocrx_word' id='word_1_106' title='bbox 166 1819 375 1880; x_wconf 78' lang='lat' dir='ltr'><strong>Andromacha</strong></span> <span class='ocrx_word' id='word_1_107' title='bbox 392 1821 507 1883; x_wconf 87' lang='lat' dir='ltr'><strong>omissis</strong></span> <span class='ocrx_word' id='word_1_108' title='bbox 522 1819 622 1881; x_wconf 85' lang='lat' dir='ltr'><strong>flecte:</strong></span> <span class='ocrx_word' id='word_1_109' title='bbox 639 1823 688 1880; x_wconf 83' lang='lat' dir='ltr'><strong>uix</strong></span> <span class='ocrx_word' id='word_1_110' title='bbox 705 1820 840 1884; x_wconf 86' lang='lat' dir='ltr'><strong>lacrimas</strong></span> <span class='ocrx_word' id='word_1_111' title='bbox 856 1841 932 1902; x_wconf 87' lang='lat' dir='ltr'><strong>queo</strong></span> 
     </span>
     <span class='ocr_line' id='line_1_21' title="bbox 165 1905 304 1965; baseline 0 -1"><span class='ocrx_word' id='word_1_112' title='bbox 165 1905 304 1965; x_wconf 86' lang='lat' dir='ltr'><strong>retinere.</strong></span> 
     </span>
     <span class='ocr_line' id='line_1_22' title="bbox 165 1989 1062 2072; baseline 0.009 -24"><span class='ocrx_word' id='word_1_113' title='bbox 165 2001 272 2048; x_wconf 76' lang='lat' dir='ltr'><strong>nunu.</strong></span> <span class='ocrx_word' id='word_1_114' title='bbox 348 1997 489 2068; x_wconf 88' lang='lat' dir='ltr'><strong>quantum</strong></span> <span class='ocrx_word' id='word_1_115' title='bbox 507 1997 551 2050; x_wconf 84' lang='lat' dir='ltr'><strong>est</strong></span> <span class='ocrx_word' id='word_1_116' title='bbox 571 1989 682 2050; x_wconf 88' lang='lat' dir='ltr'><strong>Helena</strong></span> <span class='ocrx_word' id='word_1_117' title='bbox 698 1991 776 2072; x_wconf 84' lang='lat' dir='ltr'><strong>quod</strong></span> <span class='ocrx_word' id='word_1_118' title='bbox 793 1991 926 2054; x_wconf 83' lang='lat' dir='ltr'><strong>lacrimat</strong></span> <span class='ocrx_word' id='word_1_119' title='bbox 942 1993 1062 2056; x_wconf 90' lang='lat' dir='ltr'><strong>malum.</strong></span> 
     </span>
    </p>

    <p class='ocr_par' dir='ltr' id='par_1_7' title="bbox 132 2072 1000 2580">
     <span class='ocr_line' id='line_1_23' title="bbox 132 2072 1000 2154; baseline 0.008 -22"><span class='ocrx_word' id='word_1_120' title='bbox 132 2098 148 2132; x_wconf 80' lang='lat' dir='ltr'>c</span> <span class='ocrx_word' id='word_1_121' title='bbox 211 2073 270 2134; x_wconf 87' lang='lat' dir='ltr'><strong>Cur</strong></span> <span class='ocrx_word' id='word_1_122' title='bbox 285 2072 419 2134; x_wconf 87' lang='lat' dir='ltr'><strong>lacrimat</strong></span> <span class='ocrx_word' id='word_1_123' title='bbox 439 2075 554 2135; x_wconf 84' lang='lat' dir='ltr'><strong>autem?</strong></span> <span class='ocrx_word' id='word_1_124' title='bbox 579 2074 659 2135; x_wconf 86' lang='lat' dir='ltr'><strong>lare</strong></span> <span class='ocrx_word' id='word_1_125' title='bbox 674 2093 749 2154; x_wconf 85' lang='lat' dir='ltr'><strong>quos</strong></span> <span class='ocrx_word' id='word_1_126' title='bbox 764 2076 881 2137; x_wconf 81' lang='lat' dir='ltr'><strong>ithacus</strong></span> <span class='ocrx_word' id='word_1_127' title='bbox 898 2077 1000 2140; x_wconf 88' lang='lat' dir='ltr'><strong>dolos</strong></span> 
     </span>
     <span class='ocr_line' id='line_1_24' title="bbox 165 2157 874 2239; baseline 0.006 -21"><span class='ocrx_word' id='word_1_128' title='bbox 165 2175 241 2236; x_wconf 85' lang='lat' dir='ltr'><strong>quae</strong></span> <span class='ocrx_word' id='word_1_129' title='bbox 257 2157 370 2219; x_wconf 88' lang='lat' dir='ltr'><strong>scelera</strong></span> <span class='ocrx_word' id='word_1_130' title='bbox 387 2167 494 2219; x_wconf 81' lang='lat' dir='ltr'><strong>nectat.</strong></span> <span class='ocrx_word' id='word_1_131' title='bbox 524 2167 623 2220; x_wconf 89' lang='lat' dir='ltr'><strong>utrum</strong></span> <span class='ocrx_word' id='word_1_132' title='bbox 640 2160 677 2220; x_wconf 88' lang='lat' dir='ltr'><strong>ab</strong></span> <span class='ocrx_word' id='word_1_133' title='bbox 693 2161 784 2222; x_wconf 84' lang='lat' dir='ltr'><strong>idaeis</strong></span> <span class='ocrx_word' id='word_1_134' title='bbox 799 2163 874 2239; x_wconf 88' lang='lat' dir='ltr'><strong>iugis</strong></span> 
     </span>
     <span class='ocr_line' id='line_1_25' title="bbox 164 2242 813 2320; baseline 0.003 -18"><span class='ocrx_word' id='word_1_135' title='bbox 164 2242 299 2304; x_wconf 83' lang='lat' dir='ltr'><strong>iactanda</strong></span> <span class='ocrx_word' id='word_1_136' title='bbox 315 2245 402 2320; x_wconf 88' lang='lat' dir='ltr'><strong>uirgo</strong></span> <span class='ocrx_word' id='word_1_137' title='bbox 418 2252 463 2304; x_wconf 89' lang='lat' dir='ltr'><strong>est</strong></span> <span class='ocrx_word' id='word_1_138' title='bbox 478 2245 555 2304; x_wconf 82' lang='lat' dir='ltr'><strong>areis</strong></span> <span class='ocrx_word' id='word_1_139' title='bbox 570 2262 606 2304; x_wconf 89' lang='lat' dir='ltr'><strong>an</strong></span> <span class='ocrx_word' id='word_1_140' title='bbox 624 2242 720 2306; x_wconf 87' lang='lat' dir='ltr'><strong>celsae</strong></span> <span class='ocrx_word' id='word_1_141' title='bbox 735 2246 813 2306; x_wconf 88' lang='lat' dir='ltr'><strong>edito</strong></span> 
     </span>
     <span class='ocr_line' id='line_1_26' title="bbox 164 2327 920 2405; baseline 0.008 -18"><span class='ocrx_word' id='word_1_142' title='bbox 164 2327 307 2389; x_wconf 87' lang='lat' dir='ltr'><strong>mittenda</strong></span> <span class='ocrx_word' id='word_1_143' title='bbox 323 2328 413 2394; x_wconf 69' lang='lat' dir='ltr'><strong>saxol</strong></span> <span class='ocrx_word' id='word_1_144' title='bbox 430 2345 505 2388; x_wconf 87' lang='lat' dir='ltr'><strong>num</strong></span> <span class='ocrx_word' id='word_1_145' title='bbox 522 2345 576 2405; x_wconf 89' lang='lat' dir='ltr'><strong>per</strong></span> <span class='ocrx_word' id='word_1_146' title='bbox 592 2329 645 2388; x_wconf 87' lang='lat' dir='ltr'><strong>has</strong></span> <span class='ocrx_word' id='word_1_147' title='bbox 661 2338 776 2394; x_wconf 84' lang='lat' dir='ltr'><strong>uastum</strong></span> <span class='ocrx_word' id='word_1_148' title='bbox 791 2332 822 2390; x_wconf 92' lang='lat' dir='ltr'><strong>in</strong></span> <span class='ocrx_word' id='word_1_149' title='bbox 839 2349 920 2394; x_wconf 90' lang='lat' dir='ltr'><strong>mare</strong></span> 
     </span>
     <span class='ocr_line' id='line_1_27' title="bbox 164 2411 819 2492; baseline 0.006 -20"><span class='ocrx_word' id='word_1_150' title='bbox 164 2411 312 2473; x_wconf 87' lang='lat' dir='ltr'><strong>uoluenda</strong></span> <span class='ocrx_word' id='word_1_151' title='bbox 329 2430 420 2490; x_wconf 87' lang='lat' dir='ltr'><strong>rupes</strong></span> <span class='ocrx_word' id='word_1_152' title='bbox 435 2412 528 2474; x_wconf 87' lang='lat' dir='ltr'><strong>latere</strong></span> <span class='ocrx_word' id='word_1_153' title='bbox 544 2431 617 2492; x_wconf 88' lang='lat' dir='ltr'><strong>quas</strong></span> <span class='ocrx_word' id='word_1_154' title='bbox 632 2414 724 2474; x_wconf 82' lang='lat' dir='ltr'><strong>scisso</strong></span> <span class='ocrx_word' id='word_1_155' title='bbox 740 2414 819 2476; x_wconf 85' lang='lat' dir='ltr'><strong>leuat</strong></span> 
     </span>
     <span class='ocr_line' id='line_1_28' title="bbox 164 2495 759 2580; baseline 0.005 -24"><span class='ocrx_word' id='word_1_156' title='bbox 164 2495 256 2557; x_wconf 89' lang='lat' dir='ltr'><strong>altum</strong></span> <span class='ocrx_word' id='word_1_157' title='bbox 273 2496 384 2558; x_wconf 86' lang='lat' dir='ltr'><strong>uadoso</strong></span> <span class='ocrx_word' id='word_1_158' title='bbox 401 2497 507 2576; x_wconf 83' lang='lat' dir='ltr'><strong>Sigeon</strong></span> <span class='ocrx_word' id='word_1_159' title='bbox 523 2505 659 2580; x_wconf 80' lang='lat' dir='ltr'><strong>spectans</strong></span> <span class='ocrx_word' id='word_1_160' title='bbox 675 2500 759 2562; x_wconf 83' lang='lat' dir='ltr'><strong>sinu?</strong></span> 
     </span>
    </p>

    <p class='ocr_par' dir='ltr' id='par_1_8' title="bbox 129 2579 916 2747">
     <span class='ocr_line' id='line_1_29' title="bbox 129 2579 871 2662; baseline 0.008 -24"><span class='ocrx_word' id='word_1_161' title='bbox 129 2579 154 2638; x_wconf 68' lang='grc' dir='ltr'><strong>(ι’</strong></span> <span class='ocrx_word' id='word_1_162' title='bbox 209 2581 261 2641; x_wconf 83' lang='lat' dir='ltr'><strong>Die</strong></span> <span class='ocrx_word' id='word_1_163' title='bbox 276 2582 358 2642; x_wconf 85' lang='lat' dir='ltr'><strong>lare</strong></span> <span class='ocrx_word' id='word_1_164' title='bbox 374 2580 513 2661; x_wconf 81' lang='lat' dir='ltr'><strong>quiequid</strong></span> <span class='ocrx_word' id='word_1_165' title='bbox 530 2581 603 2644; x_wconf 88' lang='lat' dir='ltr'><strong>subd</strong></span> <span class='ocrx_word' id='word_1_166' title='bbox 613 2582 671 2643; x_wconf 83' lang='lat' dir='ltr'><strong>olo</strong></span> <span class='ocrx_word' id='word_1_167' title='bbox 687 2584 771 2644; x_wconf 87' lang='lat' dir='ltr'><strong>uultu</strong></span> <span class='ocrx_word' id='word_1_168' title='bbox 787 2586 871 2662; x_wconf 85' lang='lat' dir='ltr'><strong>tegis.</strong></span> 
     </span>
     <span class='ocr_line' id='line_1_30' title="bbox 164 2664 916 2747; baseline 0.008 -23"><span class='ocrx_word' id='word_1_169' title='bbox 164 2664 277 2726; x_wconf 86' lang='lat' dir='ltr'><strong>leuiora</strong></span> <span class='ocrx_word' id='word_1_170' title='bbox 293 2665 368 2726; x_wconf 87' lang='lat' dir='ltr'><strong>mala</strong></span> <span class='ocrx_word' id='word_1_171' title='bbox 386 2674 455 2728; x_wconf 87' lang='lat' dir='ltr'><strong>sunt</strong></span> <span class='ocrx_word' id='word_1_172' title='bbox 470 2673 574 2728; x_wconf 84' lang='lat' dir='ltr'><strong>cuncta</strong></span> <span class='ocrx_word' id='word_1_173' title='bbox 592 2686 680 2746; x_wconf 87' lang='lat' dir='ltr'><strong>quam</strong></span> <span class='ocrx_word' id='word_1_174' title='bbox 697 2668 807 2730; x_wconf 89' lang='lat' dir='ltr'><strong>Priami</strong></span> <span class='ocrx_word' id='word_1_175' title='bbox 823 2687 916 2747; x_wconf 88' lang='lat' dir='ltr'><strong>gener</strong></span> 
     </span>
    </p>
   </div>
   <div class='ocr_carea' id='block_1_3' title="bbox 162 2901 1151 3376">
    <p class='ocr_par' dir='ltr' id='par_1_9' title="bbox 162 2901 1151 3376">
     <span class='ocr_line' id='line_1_31' title="bbox 232 2901 1151 2972; baseline 0.009 -22"><span class='ocrx_word' id='word_1_176' title='bbox 232 2903 281 2951; x_wconf 87' lang='grc'><strong>919</strong></span> <span class='ocrx_word' id='word_1_177' title='bbox 300 2901 426 2952; x_wconf 81' lang='lat' dir='ltr'><strong>Helenae</strong></span> <span class='ocrx_word' id='word_1_178' title='bbox 447 2908 489 2952; x_wconf 90' lang='lat' dir='ltr'><strong>est</strong></span> <span class='ocrx_word' id='word_1_179' title='bbox 506 2904 547 2954; x_wconf 92' lang='grc' dir='ltr'><strong>Αε</strong></span> <span class='ocrx_word' id='word_1_180' title='bbox 570 2919 599 2953; x_wconf 89' lang='lat' dir='ltr'><strong>es</strong></span> <span class='ocrx_word' id='word_1_181' title='bbox 618 2911 640 2966; x_wconf 83' lang='grc' dir='ltr'><em>ψ</em></span> <span class='ocrx_word' id='word_1_182' title='bbox 665 2908 708 2953; x_wconf 83' lang='lat' dir='ltr'><strong>est</strong></span> <span class='ocrx_word' id='word_1_183' title='bbox 726 2921 771 2955; x_wconf 84' lang='lat' dir='ltr'><strong>om.</strong></span> <span class='ocrx_word' id='word_1_184' title='bbox 791 2907 830 2954; x_wconf 87' lang='lat' dir='ltr'><strong>ed.</strong></span> <span class='ocrx_word' id='word_1_185' title='bbox 849 2907 927 2955; x_wconf 76' lang='lat' dir='ltr'><strong>Fere.</strong></span> <span class='ocrx_word' id='word_1_186' title='bbox 951 2901 963 2972; x_wconf 81' lang='lat' dir='ltr'><strong>{l</strong></span> <span class='ocrx_word' id='word_1_187' title='bbox 986 2907 1083 2958; x_wconf 85' lang='lat' dir='ltr'><strong>durum</strong></span> <span class='ocrx_word' id='word_1_188' title='bbox 1147 2937 1151 2946; x_wconf 93' lang='lat'>·</span> 
     </span>
     <span class='ocr_line' id='line_1_32' title="bbox 162 2967 1083 3040; baseline 0.009 -22"><span class='ocrx_word' id='word_1_189' title='bbox 162 2969 283 3018; x_wconf 82' lang='lat' dir='ltr'><strong>inuisum</strong></span> <span class='ocrx_word' id='word_1_190' title='bbox 296 2985 342 3019; x_wconf 85' lang='lat' dir='ltr'><strong>om.</strong></span> <span class='ocrx_word' id='word_1_191' title='bbox 356 2974 418 3034; x_wconf 69' lang='lat' dir='ltr'><strong>etp</strong></span> <span class='ocrx_word' id='word_1_192' title='bbox 435 2967 447 3036; x_wconf 81' lang='lat' dir='ltr'><strong>ll</strong></span> <span class='ocrx_word' id='word_1_193' title='bbox 463 2973 513 3020; x_wconf 81' lang='grc'><strong>924</strong></span> <span class='ocrx_word' id='word_1_194' title='bbox 531 2972 618 3021; x_wconf 83' lang='lat' dir='ltr'><strong>uictor</strong></span> <span class='ocrx_word' id='word_1_195' title='bbox 632 2977 660 3020; x_wconf 87' lang='lat' dir='ltr'><strong>et</strong></span> <span class='ocrx_word' id='word_1_196' title='bbox 671 2973 762 3022; x_wconf 87' lang='lat' dir='ltr'><strong>uictus</strong></span> <span class='ocrx_word' id='word_1_197' title='bbox 774 2971 799 3021; x_wconf 87' lang='lat' dir='ltr'><em>E</em></span> <span class='ocrx_word' id='word_1_198' title='bbox 817 2973 879 3022; x_wconf 73' lang='grc'><strong>1314</strong></span> <span class='ocrx_word' id='word_1_199' title='bbox 897 2972 936 3039; x_wconf 85' lang='grc' dir='ltr'><strong>(αι</strong></span> <span class='ocrx_word' id='word_1_200' title='bbox 952 2977 1083 3040; x_wconf 79' lang='lat' dir='ltr'><strong>interpres</strong></span> 
     </span>
     <span class='ocr_line' id='line_1_33' title="bbox 163 3035 1081 3108; baseline 0.009 -22"><span class='ocrx_word' id='word_1_201' title='bbox 163 3053 217 3086; x_wconf 83' lang='lat' dir='ltr'><strong>cum</strong></span> <span class='ocrx_word' id='word_1_202' title='bbox 235 3035 278 3100; x_wconf 89' lang='lat' dir='ltr'><strong>A)</strong></span> <span class='ocrx_word' id='word_1_203' title='bbox 297 3037 387 3086; x_wconf 81' lang='lat' dir='ltr'><strong>uictus</strong></span> <span class='ocrx_word' id='word_1_204' title='bbox 407 3041 435 3086; x_wconf 85' lang='lat' dir='ltr'><strong>et</strong></span> <span class='ocrx_word' id='word_1_205' title='bbox 452 3039 540 3087; x_wconf 80' lang='lat' dir='ltr'><strong>uictor</strong></span> <span class='ocrx_word' id='word_1_206' title='bbox 559 3039 583 3086; x_wconf 95' lang='lat' dir='ltr'><em>A</em></span> <span class='ocrx_word' id='word_1_207' title='bbox 605 3035 617 3104; x_wconf 76' lang='lat' dir='ltr'><strong>ll</strong></span> <span class='ocrx_word' id='word_1_208' title='bbox 639 3041 689 3090; x_wconf 76' lang='lat'><strong>926</strong></span> <span class='ocrx_word' id='word_1_209' title='bbox 707 3041 794 3090; x_wconf 83' lang='lat' dir='ltr'><strong>trahit</strong></span> <span class='ocrx_word' id='word_1_210' title='bbox 812 3040 836 3088; x_wconf 85' lang='lat' dir='ltr'><em>E</em></span> <span class='ocrx_word' id='word_1_211' title='bbox 852 3037 863 3106; x_wconf 78' lang='lat' dir='ltr'><strong>ll</strong></span> <span class='ocrx_word' id='word_1_212' title='bbox 879 3043 929 3092; x_wconf 78' lang='lat'><strong>928</strong></span> <span class='ocrx_word' id='word_1_213' title='bbox 948 3046 1081 3108; x_wconf 79' lang='lat' dir='ltr'><strong>tantaque</strong></span> 
     </span>
     <span class='ocr_line' id='line_1_34' title="bbox 163 3101 1082 3173; baseline 0.008 -20"><span class='ocrx_word' id='word_1_214' title='bbox 163 3105 188 3152; x_wconf 92' lang='lat' dir='ltr'><em>E</em></span> <span class='ocrx_word' id='word_1_215' title='bbox 200 3101 273 3168; x_wconf 72' lang='grc'><strong>11929</strong></span> <span class='ocrx_word' id='word_1_216' title='bbox 286 3120 377 3169; x_wconf 91' lang='lat' dir='ltr'><strong>puppe</strong></span> <span class='ocrx_word' id='word_1_217' title='bbox 390 3109 484 3154; x_wconf 83' lang='lat' dir='ltr'><strong>uestra</strong></span> <span class='ocrx_word' id='word_1_218' title='bbox 495 3106 521 3154; x_wconf 87' lang='grc' dir='ltr'><em>Ε</em></span> <span class='ocrx_word' id='word_1_219' title='bbox 538 3108 637 3172; x_wconf 81' lang='lat' dir='ltr'><strong>puppis</strong></span> <span class='ocrx_word' id='word_1_220' title='bbox 649 3111 743 3156; x_wconf 79' lang='lat' dir='ltr'><strong>uestra</strong></span> <span class='ocrx_word' id='word_1_221' title='bbox 758 3109 781 3156; x_wconf 91' lang='lat' dir='ltr'><em>A</em></span> <span class='ocrx_word' id='word_1_222' title='bbox 794 3104 806 3173; x_wconf 81' lang='lat' dir='ltr'><strong>ll</strong></span> <span class='ocrx_word' id='word_1_223' title='bbox 818 3110 895 3158; x_wconf 86' lang='lat' dir='ltr'><strong>secui</strong></span> <span class='ocrx_word' id='word_1_224' title='bbox 911 3109 936 3158; x_wconf 84' lang='lat' dir='ltr'><em>E</em></span> <span class='ocrx_word' id='word_1_225' title='bbox 954 3112 1044 3160; x_wconf 77' lang='lat' dir='ltr'><strong>secuit</strong></span> <span class='ocrx_word' id='word_1_226' title='bbox 1056 3113 1082 3161; x_wconf 94' lang='lat' dir='ltr'><em>A</em></span> 
     </span>
     <span class='ocr_line' id='line_1_35' title="bbox 164 3169 1080 3241; baseline 0.01 -22"><span class='ocrx_word' id='word_1_227' title='bbox 164 3176 260 3221; x_wconf 86' lang='lat' dir='ltr'><strong>uestra</strong></span> <span class='ocrx_word' id='word_1_228' title='bbox 279 3187 371 3237; x_wconf 92' lang='lat' dir='ltr'><strong>puppe</strong></span> <span class='ocrx_word' id='word_1_229' title='bbox 390 3173 487 3223; x_wconf 82' lang='lat' dir='ltr'><strong>IGron.</strong></span> <span class='ocrx_word' id='word_1_230' title='bbox 504 3169 515 3238; x_wconf 86' lang='grc' dir='ltr'><strong>ΙΙ</strong></span> <span class='ocrx_word' id='word_1_231' title='bbox 536 3174 559 3222; x_wconf 87' lang='lat' dir='ltr'><strong>si</strong></span> <span class='ocrx_word' id='word_1_232' title='bbox 578 3175 618 3224; x_wconf 92' lang='grc' dir='ltr'><strong>εΑ</strong></span> <span class='ocrx_word' id='word_1_233' title='bbox 638 3189 689 3236; x_wconf 89' lang='lat' dir='ltr'><strong>que</strong></span> <span class='ocrx_word' id='word_1_234' title='bbox 708 3183 731 3237; x_wconf 79' lang='grc' dir='ltr'><em>ψ</em></span> <span class='ocrx_word' id='word_1_235' title='bbox 748 3171 760 3240; x_wconf 78' lang='lat' dir='ltr'><strong>ll</strong></span> <span class='ocrx_word' id='word_1_236' title='bbox 781 3178 831 3226; x_wconf 87' lang='grc'><strong>930</strong></span> <span class='ocrx_word' id='word_1_237' title='bbox 850 3175 898 3225; x_wconf 88' lang='lat' dir='ltr'><strong>Sin</strong></span> <span class='ocrx_word' id='word_1_238' title='bbox 917 3179 956 3226; x_wconf 87' lang='grc' dir='ltr'><strong>εΑ</strong></span> <span class='ocrx_word' id='word_1_239' title='bbox 976 3177 1007 3228; x_wconf 88' lang='lat' dir='ltr'><strong>Si</strong></span> <span class='ocrx_word' id='word_1_240' title='bbox 1023 3187 1046 3241; x_wconf 78' lang='grc' dir='ltr'><strong><em>ψ</em></strong></span> <span class='ocrx_word' id='word_1_241' title='bbox 1067 3180 1080 3241; x_wconf 83' lang='lat' dir='ltr'><strong>ll</strong></span> 
     </span>
     <span class='ocr_line' id='line_1_36' title="bbox 164 3239 1085 3306; baseline 0.009 -19"><span class='ocrx_word' id='word_1_242' title='bbox 164 3240 213 3288; x_wconf 83' lang='lat'><strong>932</strong></span> <span class='ocrx_word' id='word_1_243' title='bbox 233 3254 294 3288; x_wconf 82' lang='lat' dir='ltr'><strong>mea</strong></span> <span class='ocrx_word' id='word_1_244' title='bbox 313 3239 471 3290; x_wconf 78' lang='lat' dir='ltr'><strong>EllEIPal.</strong></span> <span class='ocrx_word' id='word_1_245' title='bbox 491 3245 558 3305; x_wconf 83' lang='lat' dir='ltr'><strong>puta</strong></span> <span class='ocrx_word' id='word_1_246' title='bbox 576 3243 601 3292; x_wconf 89' lang='lat' dir='ltr'><em>A</em></span> <span class='ocrx_word' id='word_1_247' title='bbox 620 3243 655 3305; x_wconf 76' lang='lat' dir='ltr'><strong>ef.</strong></span> <span class='ocrx_word' id='word_1_248' title='bbox 675 3239 747 3306; x_wconf 76' lang='lat'>9281}</span> <span class='ocrx_word' id='word_1_249' title='bbox 764 3245 814 3293; x_wconf 88' lang='grc'><strong>933</strong></span> <span class='ocrx_word' id='word_1_250' title='bbox 833 3243 908 3294; x_wconf 88' lang='lat' dir='ltr'><strong>mille</strong></span> <span class='ocrx_word' id='word_1_251' title='bbox 928 3245 1040 3294; x_wconf 80' lang='lat' dir='ltr'><strong>nauium</strong></span> <span class='ocrx_word' id='word_1_252' title='bbox 1058 3246 1085 3295; x_wconf 93' lang='grc' dir='ltr'><em>Ε</em></span> 
     </span>
     <span class='ocr_line' id='line_1_37' title="bbox 163 3304 1085 3376; baseline 0.012 -23"><span class='ocrx_word' id='word_1_253' title='bbox 163 3304 321 3355; x_wconf 85' lang='lat' dir='ltr'><strong>Menelaum</strong></span> <span class='ocrx_word' id='word_1_254' title='bbox 340 3309 364 3356; x_wconf 99' lang='lat' dir='ltr'><em>A</em></span> <span class='ocrx_word' id='word_1_255' title='bbox 378 3304 389 3372; x_wconf 80' lang='lat' dir='ltr'><strong>ll</strong></span> <span class='ocrx_word' id='word_1_256' title='bbox 401 3311 452 3358; x_wconf 86' lang='grc'><strong>934</strong></span> <span class='ocrx_word' id='word_1_257' title='bbox 470 3309 586 3359; x_wconf 85' lang='lat' dir='ltr'><strong>arbitrix</strong></span> <span class='ocrx_word' id='word_1_258' title='bbox 604 3305 714 3376; x_wconf 80' lang='grc' dir='ltr'><strong>Ε11935</strong></span> <span class='ocrx_word' id='word_1_259' title='bbox 732 3311 796 3360; x_wconf 89' lang='lat' dir='ltr'><strong>flete</strong></span> <span class='ocrx_word' id='word_1_260' title='bbox 810 3311 836 3359; x_wconf 94' lang='grc' dir='ltr'><em>Ε</em></span> <span class='ocrx_word' id='word_1_261' title='bbox 848 3309 859 3376; x_wconf 77' lang='grc' dir='ltr'><strong>ΙΙ</strong></span> <span class='ocrx_word' id='word_1_262' title='bbox 872 3313 921 3362; x_wconf 77' lang='lat'><strong>942</strong></span> <span class='ocrx_word' id='word_1_263' title='bbox 939 3313 1046 3364; x_wconf 82' lang='lat' dir='ltr'><strong>undoso</strong></span> <span class='ocrx_word' id='word_1_264' title='bbox 1058 3315 1085 3364; x_wconf 89' lang='grc' dir='ltr'><em>Ε</em></span> 
     </span>
    </p>
   </div>
   <div class='ocr_carea' id='block_1_4' title="bbox 163 3370 1084 3509">
    <p class='ocr_par' dir='ltr' id='par_1_10' title="bbox 163 3370 1084 3509">
     <span class='ocr_line' id='line_1_38' title="bbox 163 3370 1084 3442; baseline 0.015 -25"><span class='ocrx_word' id='word_1_265' title='bbox 163 3371 283 3422; x_wconf 81' lang='lat' dir='ltr'><strong>uadosos</strong></span> <span class='ocrx_word' id='word_1_266' title='bbox 301 3374 326 3422; x_wconf 90' lang='lat' dir='ltr'><em>A</em></span> <span class='ocrx_word' id='word_1_267' title='bbox 350 3370 362 3438; x_wconf 77' lang='lat' dir='ltr'><strong>ll</strong></span> <span class='ocrx_word' id='word_1_268' title='bbox 386 3377 481 3440; x_wconf 82' lang='lat' dir='ltr'><strong>sigaeo</strong></span> <span class='ocrx_word' id='word_1_269' title='bbox 500 3375 525 3424; x_wconf 95' lang='grc' dir='ltr'><em>Ε</em></span> <span class='ocrx_word' id='word_1_270' title='bbox 548 3378 645 3441; x_wconf 82' lang='lat' dir='ltr'><strong>sigeon</strong></span> <span class='ocrx_word' id='word_1_271' title='bbox 663 3379 687 3426; x_wconf 90' lang='lat' dir='ltr'><em>A</em></span> <span class='ocrx_word' id='word_1_272' title='bbox 711 3373 723 3442; x_wconf 80' lang='lat' dir='ltr'><strong>ll</strong></span> <span class='ocrx_word' id='word_1_273' title='bbox 746 3378 836 3428; x_wconf 84' lang='lat' dir='ltr'><strong>sinum</strong></span> <span class='ocrx_word' id='word_1_274' title='bbox 854 3379 879 3428; x_wconf 90' lang='lat' dir='ltr'><em>E</em></span> <span class='ocrx_word' id='word_1_275' title='bbox 898 3381 975 3430; x_wconf 85' lang='lat' dir='ltr'><strong>sinus</strong></span> <span class='ocrx_word' id='word_1_276' title='bbox 993 3381 1084 3434; x_wconf 83' lang='grc' dir='ltr'><strong>ΑΕι.</strong></span> 
     </span>
     <span class='ocr_line' id='line_1_39' title="bbox 165 3437 459 3509; baseline 0.027 -25"><span class='ocrx_word' id='word_1_277' title='bbox 165 3437 244 3491; x_wconf 84' lang='lat' dir='ltr'><strong>Gron.</strong></span> <span class='ocrx_word' id='word_1_278' title='bbox 264 3441 325 3488; x_wconf 84' lang='lat' dir='ltr'><strong>sinu</strong></span> <span class='ocrx_word' id='word_1_279' title='bbox 345 3442 423 3493; x_wconf 82' lang='lat' dir='ltr'><strong>Gran.</strong></span> <span class='ocrx_word' id='word_1_280' title='bbox 447 3441 459 3509; x_wconf 80' lang='grc' dir='ltr'>Η</span> 
     </span>
    </p>
   </div>
   <div class='ocr_carea' id='block_1_5' title="bbox 0 0 1280 3978">
    <p class='ocr_par' dir='ltr' id='par_1_11' title="bbox 0 0 1280 3978">
     <span class='ocr_line' id='line_1_40' title="bbox 0 0 1280 3978; baseline 0 0"><span class='ocrx_word' id='word_1_281' title='bbox 0 0 1280 3978; x_wconf 95' lang='lat' dir='ltr'><strong> </strong></span> 
     </span>
    </p>
   </div>
  </div>
 </body>
</html>
