2526 3986
396 212 667 262 PHOENISSARVM
682 213 813 262 FRAGM.

163 353 261 414 desset
276 354 417 432 paternis
435 353 491 412 hoc
507 370 624 430 quoque
641 371 676 414 ex
691 351 749 414 illis
764 352 864 423 habes,

163 455 280 498 errasse
295 437 441 498 thalamis.
1133 463 1185 510 515

113 541 116 546 ·
133 537 151 586 b
485 521 578 582 Gnate
592 531 660 600 post
674 521 783 582 multos
798 523 869 583 milri

164 609 291 667 remisse
307 605 394 677 seles,
411 614 499 684 gnate
513 623 676 684 suspensae
693 613 789 668 metus

164 698 194 751 et
208 709 277 770 spes
291 692 439 770 parentis,
457 691 540 752 cuius
555 691 726 769 adspectum
743 691 814 753 deos
1103 713 1151 762 155

164 793 284 854 semper
299 777 411 854 rugaui,
429 794 495 837 cunr
511 785 579 836 tuus
593 775 706 836 reditus
720 775 793 837 milri
1149 775 1151 780 ’

162 866 277 921 tantum
294 868 371 922 esset
386 867 543 938 erepturus
558 860 687 923 aduentu
701 867 751 922 tuo

164 952 309 1023 quantum
326 945 464 1007 daturus:
1014 1001 1015 1004 ,
1134 966 1186 1013 520

135 1061 151 1095 0
344 1071 352 1080 .
496 1029 619 1099 Quande
634 1047 689 1109 pro
705 1043 735 1092 te
750 1032 892 1103 desinam,

165 1113 235 1184 dixi,
255 1115 357 1174 timere
366 1114 380 1173 l
394 1113 489 1194 [dixit
503 1116 637 1176 irridens
652 1118 743 1177 deus:

161 1201 260 1276 ipsum
275 1195 411 1282 timebis]
443 1216 550 1277 nempe
565 1201 623 1260 nisi
637 1198 748 1262 bellum
763 1201 841 1262 leret
1101 1217 1151 1268 160

164 1301 219 1361 ege
236 1291 264 1344 te
280 1300 423 1355 carerem,
440 1301 547 1364 nempe
563 1285 633 1346 situ
649 1303 709 1346 non
724 1285 804 1348 seres

162 1367 242 1428 helle
259 1386 403 1429 carerem.
433 1371 520 1430 triste
536 1377 713 1449 conspectus
728 1371 815 1431 datur

162 1455 294 1531 pretium
308 1455 350 1514 tui
365 1453 541 1533 durumque,
558 1454 610 1515 sed
625 1456 713 1515 matri
727 1454 833 1532 placet.
1133 1472 1185 1519 525

162 1537 233 1596 hinc
249 1537 337 1597 mode
352 1538 494 1599 recedant
508 1556 599 1609 arma,
617 1539 688 1600 dum
703 1538 818 1601 nullum
834 1540 917 1601 nelas
1207 1551 1210 1556 “

162 1622 242 1682 lllars
257 1639 364 1684 saeuus
379 1623 476 1684 audet.
507 1623 564 1684 hoc
580 1641 698 1703 queque
713 1630 758 1685 est
773 1641 912 1702 magnum
929 1625 1012 1686 nefas
1101 1639 1150 1688 165

163 1714 225 1766 tam
239 1725 357 1786 prope
372 1708 472 1768 luisse.
707 1731 710 1734 ·

128 1796 153 1856 e'
495 1792 606 1870 Stupee
623 1800 652 1852 et
667 1795 808 1870 exanguis
823 1801 927 1865 tremo,

76 1892 80 1896 ·
163 1893 231 1935 cum
248 1883 327 1937 stare
343 1875 450 1937 lratres
466 1876 534 1937 hine
549 1884 579 1936 et
593 1877 663 1937 ltine
678 1877 765 1938 uideo
781 1877 856 1938 dues

164 1957 287 2020 sceleris
302 1959 357 2020 sub
372 1963 442 2030 ictu,
458 1961 592 2022 membra
608 1969 784 2040 quassantur
801 1971 891 2023 metu.

162 2061 251 2123 quam
268 2063 364 2123 paene
381 2053 476 2106 mater
491 2048 586 2106 maius
601 2047 722 2124 adspexi
737 2048 830 2118 nefas

162 2147 250 2206 quam
266 2129 345 2208 quod
362 2131 453 2190 miser
469 2131 571 2191 uidere
587 2149 648 2190 nun
664 2133 760 2208 potuit
775 2141 870 2210 pater.

164 2211 234 2272 lieet
249 2215 355 2274 timere
371 2213 510 2275 lacineris
525 2217 597 2276 tanti
612 2233 715 2276 uacem

165 2296 343 2378 uideamque
357 2300 415 2358 iam
431 2299 471 2359 nil
487 2299 553 2370 tale,
570 2317 634 2360 sum
651 2300 751 2361 infelix
767 2309 865 2361 tamen

164 2381 245 2460 quod
260 2401 376 2462 paene
391 2384 460 2445 uidi.

120 2483 150 2534 ar
481 2469 539 2529 Per
554 2468 657 2530 decem
673 2487 806 2530 mensum
823 2487 929 2548 graues

163 2553 242 2612 uteri
257 2549 376 2612 labores
391 2570 503 2630 perque
518 2554 658 2632 pietatem
675 2553 792 2614 inclitae

163 2653 275 2715 precer
291 2638 403 2698 sororis
419 2645 447 2697 et
461 2655 515 2715 per
530 2638 596 2698 irati
612 2637 669 2698 sibi

164 2738 256 2798 genas
272 2722 404 2798 parentis
418 2722 530 2783 scelere
548 2741 619 2800 quas
635 2721 717 2782 nulle
733 2740 843 2784 nocens

165 2805 279 2865 erroris
295 2823 310 2866 a
326 2823 357 2864 se
373 2806 446 2867 dura
463 2806 605 2885 supplicia
623 2808 743 2884 exigens

164 2889 278 2969 hau-sit:
294 2889 437 2952 nefandas
452 2891 608 2952 moenibus
624 2893 726 2971 patriis
743 2893 822 2954 laces

165 2982 279 3044 auerte,
296 2977 379 3051 signa
394 2974 492 3038 bellici
507 2984 588 3036 retro
602 2978 726 3055 agminis

237 3227 300 3281 153¹)
313 3233 372 3282 164ἃ
384 3228 558 3280 nate-soles
571 3245 618 3282 om.
631 3229 656 3279 E
669 3225 708 3295 [in
719 3245 798 3294 mury.
812 3246 829 3279 a
841 3233 857 3278 2
870 3246 900 3281 m.
913 3229 961 3278 lece
971 3229 1082 3292 sipnum:

164 3295 206 3364 x.]
235 3294 250 3364 ll
279 3299 328 3348 154
350 3296 489 3348 sellicitus
508 3299 533 3346 A
562 3313 715 3362 suspensae
734 3297 759 3346 E
787 3293 799 3362 ΙΙ
829 3297 878 3346 166
900 3311 996 3360 serper
1013 3295 1038 3344 Ε
1061 3293 1072 3362 Η

166 3362 231 3416 159l
250 3367 311 3416 160ι
331 3366 432 3416 sustulit
448 3365 512 3416 ΕΡ.
541 3362 553 3432 ll
583 3366 632 3416 162
656 3380 779 3414 carerem
801 3365 881 3414 triste
899 3365 925 3413 A
961 3379 1083 3415 cererem

165 3435 257 3498 patris
275 3439 302 3483 te
321 3434 346 3483 E
373 3449 396 3484 e.
417 3432 469 3482 eh!
489 3433 567 3484 triste
585 3434 704 3484 ca'.I.Gr.
729 3429 741 3499 ll
771 3432 1082 3497 174‘pietateinclytas

166 3501 193 3551 Α
212 3501 347 3565 pietatem
365 3499 462 3570 melite
480 3500 505 3550 Ε
534 3497 546 3566 [Ι
576 3503 624 3551 176
642 3515 750 3550 soreres
769 3501 795 3549 A
825 3501 926 3550 sororis
943 3501 969 3550 Ε
992 3497 1004 3567 ll
