2526 3986
516 225 694 274 TH-YESTES

145 367 169 428 si
185 384 253 426 cum
270 366 343 425 meis
359 365 488 444 gaudere
504 365 583 426 felici
598 366 694 427 datur.

106 469 125 518 b
188 465 267 510 nnn.
295 449 350 509 Hic
365 467 429 512 csse
446 457 529 510 natos
544 452 634 538 crede
649 453 679 511 in
694 451 832 530 amplexu
848 455 950 531 patris.
1077 472 1128 523 980

144 536 194 597 hic
215 543 285 597 sunt
300 543 447 614 eruntque
463 535 542 595 nnita
558 554 627 615 pars
644 536 736 614 protis
753 547 819 599 tuae

144 620 198 680 tibi
214 619 414 681 subtrahetur.
442 639 495 684 ora
512 639 588 699 quae
604 630 727 698 exoptas
743 621 819 682 dabo

100 713 128 770 b'
186 705 353 784 'l'o'tumque
367 704 455 765 turba
472 706 529 766 iam
546 723 598 766 sua
614 705 735 784 inplebo
751 702 868 786 patroni

142 790 313 861 satiaberis,
331 808 368 849 ne
384 798 490 850 metue.
521 809 598 850 nunc
615 791 696 851 mixti
712 794 786 852 meis

141 876 271 935 iucunda
287 892 408 935 mensae
424 893 508 936 sacra
524 875 660 936 iuuenilis
676 875 786 947 colunt,

142 959 194 1020 sed
212 960 372 1020 accientur.

97 1050 133 1109 b''
396 1043 543 1105 Poculurn-
555 1045 653 1106 intuso
669 1063 742 1124 cape

143 1126 254 1207 gentile
269 1128 393 1190 baccho,

141 1227 222 1274 Tun.
430 1215 514 1293 cepio
531 1215 678 1275 fraternae
694 1214 777 1294 dapis

141 1299 262 1359 donum.
289 1301 421 1377 paternis
436 1300 504 1360 uina
520 1298 651 1360 libentur
666 1300 737 1369 deis,

141 1394 214 1444 tunc
229 1383 413 1444 hauriantur.

105 1501 120 1535 c
452 1467 509 1528 Sed
526 1469 613 1545 quid
629 1469 716 1530 hoc?
732 1470 838 1531 nolunt
852 1489 958 1533 manus

139 1571 257 1631 parere,
275 1549 382 1613 crescit
397 1554 514 1632 pondus
530 1560 559 1613 et
574 1554 707 1618 dextram
724 1563 838 1633 grauat.

94 1697 96 1702 .
140 1638 278 1698 admotus
293 1639 363 1716 ipsis
378 1637 511 1700 bacchus
526 1657 541 1698 a
558 1637 649 1698 labris
666 1640 738 1716 tingit

139 1723 279 1801 circaque
294 1724 388 1784 rictus
404 1741 457 1784 ore
473 1723 598 1801 decepto
614 1724 679 1784 uuit

139 1815 169 1867 et
184 1809 247 1886 ipsa
264 1809 380 1885 trepido
396 1826 497 1869 mensa
510 1802 647 1869 suisituit
663 1807 736 1869 solo.

140 1893 191 1952 uix
207 1891 286 1952 lucet
301 1895 386 1970 ignis.
414 1894 476 1971 ipse
492 1895 563 1972 quin
579 1894 683 1955 aether
699 1895 799 1972 grauis

137 1979 215 2037 inter
232 1977 310 2037 diem
327 1985 504 2057 noctemque
520 1978 656 2039 desertus
671 1988 776 2056 stupet.

103 2071 126 2128 o'
185 2060 279 2133 Quid
301 2062 387 2123 hoc?
409 2065 503 2140 magis
517 2064 668 2141 magisque
684 2066 820 2126 concussi
835 2064 934 2126 labant
1025 2061 1027 2066 ’

137 2165 270 2206 connexa
288 2146 369 2217 caeli,
385 2149 509 2225 spissior
524 2147 622 2208 densis
637 2151 697 2209 coit

137 2231 234 2306 caligo
251 2232 382 2293 tenebris
399 2250 517 2310 noxque
533 2251 564 2292 sc
581 2236 610 2293 in
628 2242 744 2294 noctem
761 2233 883 2295 abdidit.

135 2316 213 2394 sugit
229 2335 317 2376 omne
333 2317 424 2378 sidus.
453 2319 593 2395 quicquid
608 2326 652 2378 cst
668 2319 752 2380 tratri
767 2336 877 2398 precor

135 2403 292 2479 gnatisque
307 2410 423 2480 pareat,
441 2393 584 2462 omnis'iu·
598 2402 656 2463 uile
671 2403 727 2464 hoc
742 2412 830 2482 caput

135 2486 224 2546 abeat
238 2486 378 2564 procella.
405 2487 497 2547 redde
513 2490 570 2546 iam
588 2495 693 2566 gnatos
708 2488 789 2548 mihi.

135 2585 212 2631 anu.
240 2571 366 2632 reddam·
378 2580 410 2632 et
420 2571 475 2631 tibi
489 2571 555 2631 iilos
570 2570 668 2632 nutius
684 2574 790 2651 eripiet
805 2574 876 2635 dies.

109 2661 124 2681 ‘'
181 2669 262 2715 nnn.
290 2655 384 2726 Quis·
394 2657 453 2716 tric
466 2657 611 2726 tumuitus
625 2659 741 2718 uiscera
756 2660 885 2736 exagitat
899 2659 984 2722 mea?

135 2741 207 2819 quid
223 2742 346 2810 tremuit
359 2743 457 2810 intus?
479 2745 574 2812 sentio
590 2744 737 2822 inpatiens
751 2762 826 2806 onus

134 2844 296 2905 meumque
312 2828 421 2904 gemitu
437 2845 497 2888 non
513 2847 579 2890 uteo
595 2831 812 2906 pectusgemit„

134 2911 246 2979 adeste
265 2913 334 2972 nati.
363 2913 479 2990 genitor
495 2911 597 2973 infelix
612 2920 707 2976 uocat.
856 2919 862 2928 ’

133 2995 235 3055 adeste
251 2996 324 3057 uisis
339 2995 432 3073 fugiet
446 2997 493 3062 hic
510 2997 596 3059 uobis
612 2997 705 3058 dolor.
721 3033 763 3042 -

132 3079 213 3140 unde
229 3079 449 3170 obloquuntur?

131 3215 338 3226 -—.-.

201 3231 252 3318 982
271 3232 344 3317 horo¹
358 3281 429 3331 quae
449 3284 516 3322 corr.
536 3284 571 3320 ecc
589 3269 657 3319 hore
675 3285 748 3334 guae
766 3267 800 3317 E*
823 3283 872 3319 ora
891 3283 962 3333 quae
980 3269 1011 3318 A·
1027 3266 1039 3335 {t

132 3388 181 3437 989
200 3401 256 3436 non
274 3385 335 3436 uuit
352 3386 377 3435 A
406 3383 511 3439 nnldE
539 3384 551 3453 Η
580 3390 629 3438 992
649 3346 744 3450 sicidae
763 3387 845 3436 rittus
862 3387 888 3438 tt
919 3387 1048 3452 circaque

131 3454 257 3505 rictusA
286 3450 298 3520 lt
328 3453 416 3504 effluit
432 3456 457 3504 A
481 3455 542 3504 fluit
559 3455 584 3504 tt
613 3453 625 3520 ΙΙ
653 3454 837 3506 ostandiciis
854 3460 885 3508 ci.
904 3455 983 3510 Goon.
1003 3460 1049 3520 tcto

131 3521 206 3586 itu)
235 3519 246 3589 ΙΙ
272 3525 338 3574 1093
356 3521 422 3586 quid
439 3522 464 3570 E
487 3523 585 3587 quisA
609 3520 621 3588 lt
