2502 3978
160 168 222 234 164
437 186 467 232 u.
485 183 619 232 anunm
635 183 793 233 sennenn

155 332 188 385 ut
203 341 254 386 ora
270 325 372 385 iuueni
386 325 470 402 paria
486 323 628 386 Perithoo
644 325 734 403 gerit,

154 410 185 469 ni
200 408 339 488 languido
353 407 467 489 pallore
482 409 644 470 canderent
658 426 752 488 genae

156 502 306 572 staretque
321 501 403 554 recta
420 493 541 571 squalor
556 493 686 555 incultus
701 511 795 554 coma.

120 589 151 641 b⁰
203 578 246 640 En
263 580 326 656 ipse
343 577 476 640 Theseus
491 578 625 640 redditus
639 580 728 640 terris
743 579 834 640 adest.

446 843 612 894 rituum.
643 843 785 892 nvuitix.

198 1001 331 1063 Tandem
347 1001 466 1080 profugi
481 1002 578 1062 noctis
593 1007 731 1062 aeternae
748 1000 865 1080 plagam

156 1094 299 1166 uastoque
316 1103 418 1146 manes
435 1103 557 1147 carcere
575 1084 766 1146 umbrantem
783 1085 886 1165 polum

156 1180 185 1233 et
199 1172 250 1232 uix
265 1171 396 1250 cupitum
412 1169 559 1231 sufferunt
573 1169 651 1232 oculi
665 1170 753 1231 diem.

123 1282 138 1315 e
198 1256 260 1317 lam
276 1262 380 1332 quarte
395 1254 517 1316 Eleusin
532 1255 610 1316 dona
624 1254 801 1334 Triptolemi
816 1264 896 1318 secat

156 1358 318 1419 paremque
333 1342 445 1401 totiens
460 1338 536 1400 llbra
552 1341 709 1419 conposuit
724 1340 816 1411 diem,

156 1425 313 1503 ambiguus
328 1432 361 1485 ut
376 1443 424 1486 me
440 1426 529 1485 sortis
544 1425 660 1503 ignotae
675 1421 776 1485 labor*

156 1511 282 1572 detinuit
296 1511 374 1570 inter
390 1511 494 1570 mortis
510 1516 538 1570 et
553 1510 634 1571 uitae
649 1508 736 1570 mala.

122 1595 145 1653 o'
200 1594 273 1655 Pars
289 1612 345 1655 una
362 1595 442 1655 uitae
458 1596 565 1655 mansit
580 1595 710 1655 extincto
726 1595 813 1666 mihi,

156 1697 269 1742 seusus.
302 1677 446 1739 malorum
462 1679 529 1739 linis
544 1679 661 1740 Alcides
676 1679 731 1738 luit

157 1767 206 1844 qui
222 1781 289 1825 cum
306 1763 425 1824 reuulso
442 1764 568 1824 Tartaro
584 1761 770 1822 abstraheret
785 1780 889 1822 canem

156 1867 204 1910 me
220 1866 338 1928 quoque
354 1864 500 1925 supernas
514 1847 626 1926 pariter
641 1845 677 1906 ad
693 1847 779 1907 sedes
794 1845 869 1908 tulit.

124 1957 139 1991 o
200 1934 259 1994 Sed
274 1934 353 1993 fessa
368 1933 464 1992 uirtus
479 1930 589 1992 robore
605 1931 726 2010 antiquo
742 1938 823 1993 caret

157 2017 368 2097 trepidantque
383 2033 513 2093 gressus.
546 2016 605 2078 heu
620 2015 705 2078 labor
720 2025 848 2096 quantus
862 2017 919 2078 luit

157 2103 375 2180 Phlegethonte
392 2101 428 2161 ab
443 2103 504 2162 imo
519 2110 623 2178 petere
637 2101 832 2180 longinquum
848 2103 968 2164 aethera

160 2189 333 2266 pariterque
348 2194 474 2246 mortem
491 2185 596 2264 lugere
612 2193 641 2246 et
654 2184 775 2246 Alciden
792 2189 884 2265 sequi.

125 2273 148 2330 α’
204 2271 276 2342 Quis
291 2272 427 2340 fremitus
442 2288 530 2332 aures
544 2268 651 2332 flebilis
667 2269 782 2350 pepulit
796 2273 894 2333 meas?

158 2365 312 2437 expromat
327 2355 441 2435 aliquis.
472 2354 569 2416 luctus
586 2361 614 2416 et
628 2354 768 2416 lacrimae
784 2365 813 2417 et
828 2356 914 2418 dolor

157 2444 186 2503 in
202 2441 303 2502 limine
319 2443 383 2520 ipso
400 2447 511 2502 maesta
526 2439 696 2500 lamentatio

157 2527 285 2605 hospitia
301 2525 388 2603 digna
404 2542 528 2602 prorsus
543 2524 659 2585 inlerno
675 2523 801 2603 hospite.

125 2619 142 2668 d
203 2624 307 2670 nuru.
331 2609 426 2671 'l'enet
441 2609 619 2670 obstinatum
636 2608 770 2677 Phaedra
786 2608 941 2670 consilium
956 2610 1039 2670 necis

158 2805 361 2816 --——-—..—

226 2932 276 2981 839
294 2930 420 2995 perithoo
438 2931 462 2980 Α
486 2929 606 2995 perithoi
624 2931 647 2978 R
668 2929 769 2993 piritho
788 2944 803 2979 o
822 2942 835 2979 ε
861 2929 979 2978 comiti
997 2929 1081 2993 perio.

158 2999 281 3048 Pirithoi
299 3001 331 3048 ci.
352 2999 430 3048 Goon.
449 2995 461 3063 Η
477 2999 528 3048 840
546 2996 666 3048 candore
684 2995 823 3060 pellerent
840 2997 865 3044 Α
884 2995 993 3060 pallore
1012 3011 1079 3045 can-

159 3066 257 3116 derent
274 3065 299 3114 E
319 3062 330 3131 Η
354 3065 521 3116 THESEVS
536 3089 543 3102 ·
557 3064 695 3114 NVTRIX
712 3064 762 3114 ΕΑ
783 3060 795 3129 Η
818 3064 868 3114 845
886 3067 918 3112 ut
936 3065 961 3113 A
981 3067 1010 3114 et
1027 3063 1054 3112 Ε
1070 3062 1080 3130 ΙΙ

159 3135 209 3184 846
228 3133 330 3184 eleusis
349 3136 374 3182 Α
394 3133 501 3183 eleusin
513 3133 539 3181 E
558 3130 617 3198 (aed
627 3134 675 3182 titt.
690 3132 719 3181 in
732 3148 748 3181 o
760 3148 791 3180 m.
805 3135 821 3180 2
834 3134 860 3180 in
871 3131 937 3195 ras.)
950 3128 962 3198 [Ι
975 3135 1079 3196 trepto-

159 3201 225 3250 lemi
242 3201 267 3249 E
290 3198 301 3264 ΙΙ
325 3201 373 3251 851
397 3215 501 3250 mersus
519 3200 653 3250 malorum
671 3197 731 3248 finis
751 3200 775 3248 A
800 3213 909 3249 mensus
931 3201 955 3249 V
977 3217 1019 3249 un.
1044 3216 1082 3250 ex

159 3268 226 3318 Pau.
245 3283 343 3317 sensus
356 3281 370 3317 ε
381 3265 393 3333 ΙΙ
404 3269 454 3318 852
473 3267 611 3316 reuuloum
630 3270 735 3317 tartaro
754 3267 913 3316 extraheret
924 3267 949 3316 Α
968 3266 1083 3319 reuulso

160 3335 266 3382 tartaro
280 3334 455 3384 abstraheret
466 3335 492 3384 E
503 3331 515 3399 ΙΙ
526 3337 577 3385 860
590 3339 618 3382 et
630 3333 676 3397 (ol.
685 3333 726 3398 in)
739 3333 833 3384 limine
847 3335 946 3399 inipso
956 3340 1081 3398 meslano

163 3399 191 3443 et
207 3397 302 3448 limine
320 3401 380 3465 ipso
398 3407 480 3452 uasto
498 3417 517 3450 α
535 3402 563 3450 in
581 3400 675 3450 limine
694 3404 761 3466 ipeo,
772 3405 860 3468 mesto
879 3402 904 3450 Ε
926 3399 938 3469 Η
961 3403 1011 3453 861
1031 3403 1082 3454 ho·

163 3461 247 3522 opilia
266 3466 305 3514 εΑ
327 3469 463 3530 euspicio
481 3472 511 3518 ci.
533 3470 611 3522 Gron.
635 3466 647 3534 ll
