<?xml version="1.0" encoding="UTF-8"?>
<!DOCTYPE html PUBLIC "-//W3C//DTD XHTML 1.0 Transitional//EN"
    "http://www.w3.org/TR/xhtml1/DTD/xhtml1-transitional.dtd">
<html xmlns="http://www.w3.org/1999/xhtml" xml:lang="en" lang="en">
 <head>
  <title>
</title>
<meta http-equiv="Content-Type" content="text/html;charset=utf-8" />
  <meta name='ocr-system' content='tesseract 3.04.00' />
  <meta name='ocr-capabilities' content='ocr_page ocr_carea ocr_par ocr_line ocrx_word'/>
</head>
<body>
  <div class='ocr_page' id='page_1' title='image "./lannaeisenecaet06senegoog_0024.png"; bbox 0 0 2516 3998; ppageno 0'>
   <div class='ocr_carea' id='block_1_1' title="bbox 441 193 1052 284">
    <p class='ocr_par' dir='ltr' id='par_1_1' title="bbox 441 193 1052 284">
     <span class='ocr_line' id='line_1_1' title="bbox 441 193 1052 284; baseline 0.002 -1"><span class='ocrx_word' id='word_1_1' title='bbox 441 243 444 248; x_wconf 84' lang='lat'>&#39;</span> <span class='ocrx_word' id='word_1_2' title='bbox 477 193 675 284; x_wconf 70' lang='lat' dir='ltr'><strong>roborante</strong></span> <span class='ocrx_word' id='word_1_3' title='bbox 947 235 1052 284; x_wconf 86' lang='lat' dir='ltr'>XVIIII</span> 
     </span>
    </p>
   </div>
   <div class='ocr_carea' id='block_1_2' title="bbox 70 395 1095 3610">
    <p class='ocr_par' dir='ltr' id='par_1_2' title="bbox 100 395 1053 980">
     <span class='ocr_line' id='line_1_2' title="bbox 100 395 1052 472; baseline -0.002 -18"><span class='ocrx_word' id='word_1_4' title='bbox 100 396 179 472; x_wconf 84' lang='lat' dir='ltr'><strong>quod</strong></span> <span class='ocrx_word' id='word_1_5' title='bbox 195 413 250 452; x_wconf 92' lang='lat' dir='ltr'><strong>non</strong></span> <span class='ocrx_word' id='word_1_6' title='bbox 267 395 349 450; x_wconf 91' lang='lat' dir='ltr'><strong>nullis</strong></span> <span class='ocrx_word' id='word_1_7' title='bbox 367 397 434 452; x_wconf 90' lang='lat' dir='ltr'><strong>locis</strong></span> <span class='ocrx_word' id='word_1_8' title='bbox 449 395 560 452; x_wconf 91' lang='lat' dir='ltr'><strong>lacunas</strong></span> <span class='ocrx_word' id='word_1_9' title='bbox 577 397 604 451; x_wconf 92' lang='lat' dir='ltr'><strong>in</strong></span> <span class='ocrx_word' id='word_1_10' title='bbox 620 397 648 451; x_wconf 83' lang='grc' dir='ltr'><em>Ε</em></span> <span class='ocrx_word' id='word_1_11' title='bbox 662 404 776 470; x_wconf 86' lang='lat' dir='ltr'><strong>propter</strong></span> <span class='ocrx_word' id='word_1_12' title='bbox 792 396 992 470; x_wconf 79' lang='lat' dir='ltr'><strong>neglegentiam</strong></span> <span class='ocrx_word' id='word_1_13' title='bbox 1007 396 1052 452; x_wconf 91' lang='lat' dir='ltr'><strong>uel</strong></span> 
     </span>
     <span class='ocr_line' id='line_1_3' title="bbox 102 477 1052 538; baseline -0.002 0"><span class='ocrx_word' id='word_1_14' title='bbox 102 480 243 538; x_wconf 80' lang='lat' dir='ltr'><strong>scribendi</strong></span> <span class='ocrx_word' id='word_1_15' title='bbox 264 479 450 538; x_wconf 81' lang='lat' dir='ltr'><strong>festinantiam</strong></span> <span class='ocrx_word' id='word_1_16' title='bbox 472 477 566 536; x_wconf 89' lang='lat' dir='ltr'><strong>librari</strong></span> <span class='ocrx_word' id='word_1_17' title='bbox 582 489 610 538; x_wconf 94' lang='lat' dir='ltr'><strong>et</strong></span> <span class='ocrx_word' id='word_1_18' title='bbox 625 483 751 538; x_wconf 80' lang='lat' dir='ltr'><strong>miseram</strong></span> <span class='ocrx_word' id='word_1_19' title='bbox 772 480 834 536; x_wconf 88' lang='lat' dir='ltr'><strong>libri</strong></span> <span class='ocrx_word' id='word_1_20' title='bbox 857 483 928 538; x_wconf 88' lang='lat' dir='ltr'><strong>unde</strong></span> <span class='ocrx_word' id='word_1_21' title='bbox 951 481 1052 537; x_wconf 89' lang='lat' dir='ltr'><strong>lloren-</strong></span> 
     </span>
     <span class='ocr_line' id='line_1_4' title="bbox 100 565 1052 639; baseline -0.001 -16"><span class='ocrx_word' id='word_1_22' title='bbox 100 571 180 623; x_wconf 91' lang='lat' dir='ltr'><strong>tinus</strong></span> <span class='ocrx_word' id='word_1_23' title='bbox 210 565 365 639; x_wconf 85' lang='lat' dir='ltr'><strong>descriptus</strong></span> <span class='ocrx_word' id='word_1_24' title='bbox 393 574 435 622; x_wconf 89' lang='lat' dir='ltr'><strong>est</strong></span> <span class='ocrx_word' id='word_1_25' title='bbox 454 566 642 622; x_wconf 84' lang='lat' dir='ltr'><strong>condicionem</strong></span> <span class='ocrx_word' id='word_1_26' title='bbox 665 573 739 621; x_wconf 91' lang='lat' dir='ltr'><strong>ortas</strong></span> <span class='ocrx_word' id='word_1_27' title='bbox 760 581 775 620; x_wconf 90' lang='lat' dir='ltr'><strong>e</strong></span> <span class='ocrx_word' id='word_1_28' title='bbox 795 565 873 622; x_wconf 88' lang='lat' dir='ltr'><strong>libris</strong></span> <span class='ocrx_word' id='word_1_29' title='bbox 894 566 918 621; x_wconf 78' lang='lat' dir='ltr'><em>A</em></span> <span class='ocrx_word' id='word_1_30' title='bbox 944 567 1052 638; x_wconf 87' lang='lat' dir='ltr'><strong>generis</strong></span> 
     </span>
     <span class='ocr_line' id='line_1_5' title="bbox 102 650 1053 726; baseline -0.002 -18"><span class='ocrx_word' id='word_1_31' title='bbox 102 651 228 725; x_wconf 88' lang='lat' dir='ltr'><strong>suppleri</strong></span> <span class='ocrx_word' id='word_1_32' title='bbox 249 666 362 707; x_wconf 88' lang='lat' dir='ltr'><strong>necesse</strong></span> <span class='ocrx_word' id='word_1_33' title='bbox 383 659 434 706; x_wconf 91' lang='lat' dir='ltr'><strong>est.</strong></span> <span class='ocrx_word' id='word_1_34' title='bbox 464 652 584 726; x_wconf 84' lang='lat' dir='ltr'><strong>benique</strong></span> <span class='ocrx_word' id='word_1_35' title='bbox 605 667 660 707; x_wconf 91' lang='lat' dir='ltr'><strong>uon</strong></span> <span class='ocrx_word' id='word_1_36' title='bbox 682 650 955 724; x_wconf 88' lang='lat' dir='ltr'><strong>praetermittendum</strong></span> <span class='ocrx_word' id='word_1_37' title='bbox 978 650 1053 723; x_wconf 87' lang='lat' dir='ltr'><strong>quod</strong></span> 
     </span>
     <span class='ocr_line' id='line_1_6' title="bbox 102 734 1053 809; baseline -0.003 -16"><span class='ocrx_word' id='word_1_38' title='bbox 102 737 172 793; x_wconf 86' lang='lat' dir='ltr'><strong>ordo</strong></span> <span class='ocrx_word' id='word_1_39' title='bbox 194 734 397 807; x_wconf 85' lang='lat' dir='ltr'><strong>tragoediarum</strong></span> <span class='ocrx_word' id='word_1_40' title='bbox 426 735 514 809; x_wconf 89' lang='lat' dir='ltr'><strong>qualis</strong></span> <span class='ocrx_word' id='word_1_41' title='bbox 539 738 629 792; x_wconf 90' lang='lat' dir='ltr'><strong>estin</strong></span> <span class='ocrx_word' id='word_1_42' title='bbox 651 735 758 808; x_wconf 84' lang='lat' dir='ltr'><strong>uolgari</strong></span> <span class='ocrx_word' id='word_1_43' title='bbox 784 737 945 792; x_wconf 80' lang='lat' dir='ltr'>recensione</span> <span class='ocrx_word' id='word_1_44' title='bbox 966 735 1053 807; x_wconf 86' lang='lat' dir='ltr'><strong>magis</strong></span> 
     </span>
     <span class='ocr_line' id='line_1_7' title="bbox 102 817 1053 894; baseline -0.004 -16"><span class='ocrx_word' id='word_1_45' title='bbox 102 820 237 878; x_wconf 87' lang='lat' dir='ltr'><strong>conuenit</strong></span> <span class='ocrx_word' id='word_1_46' title='bbox 253 835 333 891; x_wconf 90' lang='lat' dir='ltr'><strong>quam</strong></span> <span class='ocrx_word' id='word_1_47' title='bbox 350 819 373 876; x_wconf 94' lang='lat' dir='ltr'><strong>is</strong></span> <span class='ocrx_word' id='word_1_48' title='bbox 389 837 469 894; x_wconf 89' lang='lat' dir='ltr'><strong>quem</strong></span> <span class='ocrx_word' id='word_1_49' title='bbox 485 821 513 875; x_wconf 78' lang='grc' dir='ltr'><em>Ε</em></span> <span class='ocrx_word' id='word_1_50' title='bbox 534 824 660 894; x_wconf 89' lang='lat' dir='ltr'><strong>sequitur</strong></span> <span class='ocrx_word' id='word_1_51' title='bbox 675 837 736 876; x_wconf 90' lang='lat' dir='ltr'><strong>eum</strong></span> <span class='ocrx_word' id='word_1_52' title='bbox 758 828 900 877; x_wconf 85' lang='lat' dir='ltr'><strong>auctorum</strong></span> <span class='ocrx_word' id='word_1_53' title='bbox 918 817 1053 876; x_wconf 87' lang='lat' dir='ltr'><strong>aetatibus</strong></span> 
     </span>
     <span class='ocr_line' id='line_1_8' title="bbox 103 903 812 980; baseline 0 -20"><span class='ocrx_word' id='word_1_54' title='bbox 103 909 310 980; x_wconf 78' lang='lat' dir='ltr'><strong>Agamemnone</strong></span> <span class='ocrx_word' id='word_1_55' title='bbox 325 912 353 960; x_wconf 93' lang='lat' dir='ltr'><strong>et</strong></span> <span class='ocrx_word' id='word_1_56' title='bbox 368 903 483 961; x_wconf 81' lang='lat' dir='ltr'><strong>Hercule</strong></span> <span class='ocrx_word' id='word_1_57' title='bbox 498 921 523 961; x_wconf 92' lang='lat'><strong>11</strong></span> <span class='ocrx_word' id='word_1_58' title='bbox 538 907 565 961; x_wconf 92' lang='lat' dir='ltr'><strong>in</strong></span> <span class='ocrx_word' id='word_1_59' title='bbox 582 905 635 962; x_wconf 88' lang='lat' dir='ltr'><strong>fine</strong></span> <span class='ocrx_word' id='word_1_60' title='bbox 652 905 812 962; x_wconf 87' lang='lat' dir='ltr'><strong>conlocatis.</strong></span> 
     </span>
    </p>

    <p class='ocr_par' dir='ltr' id='par_1_3' title="bbox 103 988 1055 2336">
     <span class='ocr_line' id='line_1_9' title="bbox 168 988 1053 1064; baseline -0.001 -20"><span class='ocrx_word' id='word_1_61' title='bbox 168 988 217 1044; x_wconf 90' lang='lat' dir='ltr'><strong>llis</strong></span> <span class='ocrx_word' id='word_1_62' title='bbox 227 988 254 1044; x_wconf 92' lang='lat' dir='ltr'><strong>in</strong></span> <span class='ocrx_word' id='word_1_63' title='bbox 268 988 424 1046; x_wconf 89' lang='lat' dir='ltr'><strong>uniuersum</strong></span> <span class='ocrx_word' id='word_1_64' title='bbox 437 990 470 1045; x_wconf 87' lang='lat' dir='ltr'><strong>de</strong></span> <span class='ocrx_word' id='word_1_65' title='bbox 482 998 598 1064; x_wconf 88' lang='lat' dir='ltr'><strong>utraque</strong></span> <span class='ocrx_word' id='word_1_66' title='bbox 610 991 770 1047; x_wconf 88' lang='lat' dir='ltr'><strong>recensione</strong></span> <span class='ocrx_word' id='word_1_67' title='bbox 780 990 913 1063; x_wconf 85' lang='lat' dir='ltr'><strong>expositis</strong></span> <span class='ocrx_word' id='word_1_68' title='bbox 927 989 1053 1064; x_wconf 90' lang='lat' dir='ltr'><strong>sequitur</strong></span> 
     </span>
     <span class='ocr_line' id='line_1_10' title="bbox 103 1073 1055 1148; baseline -0.003 -17"><span class='ocrx_word' id='word_1_69' title='bbox 103 1083 136 1131; x_wconf 88' lang='lat' dir='ltr'><strong>ut</strong></span> <span class='ocrx_word' id='word_1_70' title='bbox 150 1073 275 1130; x_wconf 88' lang='lat' dir='ltr'><strong>breuiter</strong></span> <span class='ocrx_word' id='word_1_71' title='bbox 296 1075 487 1141; x_wconf 78' lang='lat' dir='ltr'><strong>ostendamus,</strong></span> <span class='ocrx_word' id='word_1_72' title='bbox 513 1075 651 1148; x_wconf 85' lang='lat' dir='ltr'><strong>quomodo</strong></span> <span class='ocrx_word' id='word_1_73' title='bbox 667 1075 768 1131; x_wconf 88' lang='lat' dir='ltr'><strong>laetum</strong></span> <span class='ocrx_word' id='word_1_74' title='bbox 784 1089 845 1130; x_wconf 89' lang='lat' dir='ltr'><strong>esse</strong></span> <span class='ocrx_word' id='word_1_75' title='bbox 859 1080 1001 1148; x_wconf 88' lang='lat' dir='ltr'><strong>putemus,</strong></span> <span class='ocrx_word' id='word_1_76' title='bbox 1022 1081 1055 1128; x_wconf 90' lang='lat' dir='ltr'><strong>ut</strong></span> 
     </span>
     <span class='ocr_line' id='line_1_11' title="bbox 104 1157 1053 1234; baseline -0.003 -19"><span class='ocrx_word' id='word_1_77' title='bbox 104 1157 209 1232; x_wconf 78' lang='lat' dir='ltr'><strong>singuli</strong></span> <span class='ocrx_word' id='word_1_78' title='bbox 229 1157 374 1214; x_wconf 86' lang='lat' dir='ltr'><strong>deterioris</strong></span> <span class='ocrx_word' id='word_1_79' title='bbox 396 1160 506 1234; x_wconf 85' lang='lat' dir='ltr'><strong>generis</strong></span> <span class='ocrx_word' id='word_1_80' title='bbox 527 1160 590 1218; x_wconf 88' lang='lat' dir='ltr'><strong>libri</strong></span> <span class='ocrx_word' id='word_1_81' title='bbox 611 1162 639 1216; x_wconf 92' lang='lat' dir='ltr'><strong>in</strong></span> <span class='ocrx_word' id='word_1_82' title='bbox 664 1160 779 1232; x_wconf 84' lang='lat' dir='ltr'><strong>singulis</strong></span> <span class='ocrx_word' id='word_1_83' title='bbox 801 1175 856 1215; x_wconf 89' lang='lat' dir='ltr'><strong>uon</strong></span> <span class='ocrx_word' id='word_1_84' title='bbox 878 1175 941 1216; x_wconf 92' lang='lat' dir='ltr'><strong>raro</strong></span> <span class='ocrx_word' id='word_1_85' title='bbox 957 1166 1053 1214; x_wconf 85' lang='lat' dir='ltr'><strong>contra</strong></span> 
     </span>
     <span class='ocr_line' id='line_1_12' title="bbox 105 1242 1052 1320; baseline -0.004 -19"><span class='ocrx_word' id='word_1_86' title='bbox 105 1251 213 1301; x_wconf 89' lang='lat' dir='ltr'><strong>ceteros</strong></span> <span class='ocrx_word' id='word_1_87' title='bbox 241 1242 283 1298; x_wconf 91' lang='lat' dir='ltr'><strong>sui</strong></span> <span class='ocrx_word' id='word_1_88' title='bbox 313 1247 422 1316; x_wconf 90' lang='lat' dir='ltr'><strong>generis</strong></span> <span class='ocrx_word' id='word_1_89' title='bbox 444 1244 553 1302; x_wconf 89' lang='lat' dir='ltr'><strong>codices</strong></span> <span class='ocrx_word' id='word_1_90' title='bbox 580 1263 641 1302; x_wconf 91' lang='lat' dir='ltr'><strong>curn</strong></span> <span class='ocrx_word' id='word_1_91' title='bbox 667 1243 841 1304; x_wconf 84' lang='lat' dir='ltr'><strong>laurentiano</strong></span> <span class='ocrx_word' id='word_1_92' title='bbox 871 1242 1052 1320; x_wconf 65' lang='lat' dir='ltr'><strong>consentiant</strong></span> 
     </span>
     <span class='ocr_line' id='line_1_13' title="bbox 105 1327 1054 1396; baseline -0.002 -12"><span class='ocrx_word' id='word_1_93' title='bbox 105 1327 184 1396; x_wconf 85' lang='lat' dir='ltr'><strong>Quod</strong></span> <span class='ocrx_word' id='word_1_94' title='bbox 210 1343 276 1384; x_wconf 92' lang='lat' dir='ltr'><strong>sane</strong></span> <span class='ocrx_word' id='word_1_95' title='bbox 302 1330 400 1386; x_wconf 90' lang='lat' dir='ltr'><strong>mirum</strong></span> <span class='ocrx_word' id='word_1_96' title='bbox 426 1345 481 1385; x_wconf 93' lang='lat' dir='ltr'><strong>non</strong></span> <span class='ocrx_word' id='word_1_97' title='bbox 505 1339 555 1386; x_wconf 90' lang='lat' dir='ltr'><strong>est.</strong></span> <span class='ocrx_word' id='word_1_98' title='bbox 607 1330 712 1386; x_wconf 85' lang='lat' dir='ltr'><strong>Etenim</strong></span> <span class='ocrx_word' id='word_1_99' title='bbox 739 1337 770 1384; x_wconf 95' lang='lat' dir='ltr'><strong>ut</strong></span> <span class='ocrx_word' id='word_1_100' title='bbox 790 1328 892 1386; x_wconf 87' lang='lat' dir='ltr'><strong>codicis</strong></span> <span class='ocrx_word' id='word_1_101' title='bbox 914 1327 1054 1384; x_wconf 87' lang='lat' dir='ltr'><strong>florentini</strong></span> 
     </span>
     <span class='ocr_line' id='line_1_14' title="bbox 106 1413 1055 1487; baseline -0.003 -17"><span class='ocrx_word' id='word_1_102' title='bbox 106 1416 270 1487; x_wconf 79' lang='lat' dir='ltr'><strong>sculpturam</strong></span> <span class='ocrx_word' id='word_1_103' title='bbox 286 1413 429 1486; x_wconf 92' lang='lat' dir='ltr'><strong>pristinam</strong></span> <span class='ocrx_word' id='word_1_104' title='bbox 448 1415 541 1470; x_wconf 91' lang='lat' dir='ltr'><strong>multis</strong></span> <span class='ocrx_word' id='word_1_105' title='bbox 563 1414 632 1470; x_wconf 90' lang='lat' dir='ltr'><strong>locis</strong></span> <span class='ocrx_word' id='word_1_106' title='bbox 648 1421 779 1470; x_wconf 87' lang='lat' dir='ltr'><strong>mutatam</strong></span> <span class='ocrx_word' id='word_1_107' title='bbox 795 1414 921 1469; x_wconf 89' lang='lat' dir='ltr'><strong>uidemus</strong></span> <span class='ocrx_word' id='word_1_108' title='bbox 941 1413 975 1468; x_wconf 87' lang='lat' dir='ltr'><strong>ad</strong></span> <span class='ocrx_word' id='word_1_109' title='bbox 990 1429 1055 1468; x_wconf 89' lang='lat' dir='ltr'><strong>uor-</strong></span> 
     </span>
     <span class='ocr_line' id='line_1_15' title="bbox 105 1497 1053 1570; baseline -0.003 -16"><span class='ocrx_word' id='word_1_110' title='bbox 105 1515 175 1554; x_wconf 89' lang='lat' dir='ltr'><strong>mam</strong></span> <span class='ocrx_word' id='word_1_111' title='bbox 196 1497 299 1553; x_wconf 75' lang='lat' dir='ltr'><strong>conlcis</strong></span> <span class='ocrx_word' id='word_1_112' title='bbox 319 1498 459 1556; x_wconf 84' lang='lat' dir='ltr'><strong>cuiusdam</strong></span> <span class='ocrx_word' id='word_1_113' title='bbox 489 1499 601 1556; x_wconf 90' lang='lat' dir='ltr'><strong>alterius</strong></span> <span class='ocrx_word' id='word_1_114' title='bbox 623 1498 807 1561; x_wconf 83' lang='lat' dir='ltr'><strong>recensionis,</strong></span> <span class='ocrx_word' id='word_1_115' title='bbox 835 1505 863 1554; x_wconf 89' lang='lat' dir='ltr'><strong>et</strong></span> <span class='ocrx_word' id='word_1_116' title='bbox 883 1499 923 1554; x_wconf 91' lang='lat' dir='ltr'><strong>sic</strong></span> <span class='ocrx_word' id='word_1_117' title='bbox 944 1497 1053 1570; x_wconf 90' lang='lat' dir='ltr'><strong>quidem</strong></span> 
     </span>
     <span class='ocr_line' id='line_1_16' title="bbox 106 1581 1053 1658; baseline -0.002 -18"><span class='ocrx_word' id='word_1_118' title='bbox 106 1593 136 1640; x_wconf 91' lang='lat' dir='ltr'><strong>ut</strong></span> <span class='ocrx_word' id='word_1_119' title='bbox 151 1581 219 1656; x_wconf 88' lang='lat' dir='ltr'><strong>quid</strong></span> <span class='ocrx_word' id='word_1_120' title='bbox 234 1583 312 1656; x_wconf 88' lang='lat' dir='ltr'><strong>prior</strong></span> <span class='ocrx_word' id='word_1_121' title='bbox 325 1582 454 1641; x_wconf 89' lang='lat' dir='ltr'><strong>librarius</strong></span> <span class='ocrx_word' id='word_1_122' title='bbox 471 1585 613 1658; x_wconf 85' lang='lat' dir='ltr'><strong>scripserit</strong></span> <span class='ocrx_word' id='word_1_123' title='bbox 629 1599 709 1658; x_wconf 84' lang='lat' dir='ltr'><strong>saepe</strong></span> <span class='ocrx_word' id='word_1_124' title='bbox 724 1584 768 1639; x_wconf 94' lang='lat' dir='ltr'><strong>uel</strong></span> <span class='ocrx_word' id='word_1_125' title='bbox 785 1599 866 1656; x_wconf 87' lang='lat' dir='ltr'><strong>aegre</strong></span> <span class='ocrx_word' id='word_1_126' title='bbox 881 1581 925 1637; x_wconf 92' lang='lat' dir='ltr'><strong>uel</strong></span> <span class='ocrx_word' id='word_1_127' title='bbox 941 1582 1053 1638; x_wconf 89' lang='lat' dir='ltr'><strong>omniuo</strong></span> 
     </span>
     <span class='ocr_line' id='line_1_17' title="bbox 106 1664 1054 1742; baseline -0.006 -17"><span class='ocrx_word' id='word_1_128' title='bbox 106 1684 159 1725; x_wconf 90' lang='lat' dir='ltr'><strong>non</strong></span> <span class='ocrx_word' id='word_1_129' title='bbox 181 1667 272 1740; x_wconf 86' lang='lat' dir='ltr'><strong>possit</strong></span> <span class='ocrx_word' id='word_1_130' title='bbox 292 1667 439 1741; x_wconf 78' lang='lat' dir='ltr'><strong>distingui:</strong></span> <span class='ocrx_word' id='word_1_131' title='bbox 463 1670 501 1724; x_wconf 88' lang='lat' dir='ltr'><strong>ita</strong></span> <span class='ocrx_word' id='word_1_132' title='bbox 519 1686 575 1726; x_wconf 88' lang='lat' dir='ltr'><strong>non</strong></span> <span class='ocrx_word' id='word_1_133' title='bbox 595 1670 675 1742; x_wconf 90' lang='lat' dir='ltr'><strong>pauci</strong></span> <span class='ocrx_word' id='word_1_134' title='bbox 697 1669 807 1740; x_wconf 86' lang='lat' dir='ltr'><strong>generis</strong></span> <span class='ocrx_word' id='word_1_135' title='bbox 828 1666 972 1722; x_wconf 87' lang='lat' dir='ltr'><strong>deterioris</strong></span> <span class='ocrx_word' id='word_1_136' title='bbox 990 1664 1054 1720; x_wconf 90' lang='lat' dir='ltr'><strong>libri</strong></span> 
     </span>
     <span class='ocr_line' id='line_1_18' title="bbox 107 1749 1053 1810; baseline -0.007 0"><span class='ocrx_word' id='word_1_137' title='bbox 107 1755 179 1810; x_wconf 90' lang='lat' dir='ltr'><strong>aucti</strong></span> <span class='ocrx_word' id='word_1_138' title='bbox 195 1758 260 1807; x_wconf 91' lang='lat' dir='ltr'><strong>sunt</strong></span> <span class='ocrx_word' id='word_1_139' title='bbox 282 1760 309 1808; x_wconf 92' lang='lat' dir='ltr'><strong>et</strong></span> <span class='ocrx_word' id='word_1_140' title='bbox 324 1751 460 1809; x_wconf 86' lang='lat' dir='ltr'><strong>emendati</strong></span> <span class='ocrx_word' id='word_1_141' title='bbox 475 1752 640 1809; x_wconf 89' lang='lat' dir='ltr'><strong>lectionibus</strong></span> <span class='ocrx_word' id='word_1_142' title='bbox 661 1768 694 1808; x_wconf 78' lang='lat' dir='ltr'><strong>cx</strong></span> <span class='ocrx_word' id='word_1_143' title='bbox 709 1751 824 1807; x_wconf 90' lang='lat' dir='ltr'><strong>meliore</strong></span> <span class='ocrx_word' id='word_1_144' title='bbox 846 1749 1006 1806; x_wconf 85' lang='lat' dir='ltr'><strong>recensione</strong></span> <span class='ocrx_word' id='word_1_145' title='bbox 1024 1750 1053 1803; x_wconf 93' lang='lat' dir='ltr'><strong>in</strong></span> 
     </span>
     <span class='ocr_line' id='line_1_19' title="bbox 108 1833 1054 1912; baseline -0.007 -17"><span class='ocrx_word' id='word_1_146' title='bbox 108 1855 154 1895; x_wconf 90' lang='lat' dir='ltr'><strong>eos</strong></span> <span class='ocrx_word' id='word_1_147' title='bbox 171 1835 311 1893; x_wconf 87' lang='lat' dir='ltr'><strong>translatis</strong></span> <span class='ocrx_word' id='word_1_148' title='bbox 326 1839 371 1894; x_wconf 91' lang='lat' dir='ltr'><strong>uel</strong></span> <span class='ocrx_word' id='word_1_149' title='bbox 387 1854 401 1893; x_wconf 91' lang='lat' dir='ltr'><strong>e</strong></span> <span class='ocrx_word' id='word_1_150' title='bbox 417 1837 541 1912; x_wconf 90' lang='lat' dir='ltr'><strong>pluribus</strong></span> <span class='ocrx_word' id='word_1_151' title='bbox 562 1837 688 1894; x_wconf 87' lang='lat' dir='ltr'><strong>diuersae</strong></span> <span class='ocrx_word' id='word_1_152' title='bbox 704 1835 873 1892; x_wconf 88' lang='lat' dir='ltr'><strong>recensionis</strong></span> <span class='ocrx_word' id='word_1_153' title='bbox 895 1833 1054 1907; x_wconf 82' lang='lat' dir='ltr'><strong>exemplari·</strong></span> 
     </span>
     <span class='ocr_line' id='line_1_20' title="bbox 108 1920 1054 1998; baseline -0.007 -18"><span class='ocrx_word' id='word_1_154' title='bbox 108 1924 158 1980; x_wconf 91' lang='lat' dir='ltr'><strong>bus</strong></span> <span class='ocrx_word' id='word_1_155' title='bbox 179 1924 353 1998; x_wconf 88' lang='lat' dir='ltr'><strong>transcripti,</strong></span> <span class='ocrx_word' id='word_1_156' title='bbox 376 1923 646 1994; x_wconf 88' lang='lat' dir='ltr'><strong>utbloguntlnus</strong></span> <span class='ocrx_word' id='word_1_157' title='bbox 668 1920 951 1981; x_wconf 87' lang='lat' dir='ltr'><strong>etPulauiensis,</strong></span> <span class='ocrx_word' id='word_1_158' title='bbox 974 1933 1054 1993; x_wconf 87' lang='lat' dir='ltr'><strong>quem</strong></span> 
     </span>
     <span class='ocr_line' id='line_1_21' title="bbox 108 2003 1054 2082; baseline -0.006 -19"><span class='ocrx_word' id='word_1_159' title='bbox 108 2009 153 2082; x_wconf 89' lang='lat' dir='ltr'><strong>qui</strong></span> <span class='ocrx_word' id='word_1_160' title='bbox 174 2007 296 2062; x_wconf 78' lang='lat' dir='ltr'><strong>euarauit</strong></span> <span class='ocrx_word' id='word_1_161' title='bbox 310 2006 489 2081; x_wconf 83' lang='lat' dir='ltr'><strong>conpluribus</strong></span> <span class='ocrx_word' id='word_1_162' title='bbox 505 2007 582 2064; x_wconf 89' lang='lat' dir='ltr'><strong>libris</strong></span> <span class='ocrx_word' id='word_1_163' title='bbox 599 2025 628 2063; x_wconf 95' lang='lat' dir='ltr'><strong>se</strong></span> <span class='ocrx_word' id='word_1_164' title='bbox 650 2023 730 2063; x_wconf 92' lang='lat' dir='ltr'><strong>usum</strong></span> <span class='ocrx_word' id='word_1_165' title='bbox 746 2021 808 2062; x_wconf 89' lang='lat' dir='ltr'><strong>esse</strong></span> <span class='ocrx_word' id='word_1_166' title='bbox 829 2006 857 2061; x_wconf 86' lang='lat' dir='ltr'><strong>ln</strong></span> <span class='ocrx_word' id='word_1_167' title='bbox 873 2003 1054 2078; x_wconf 89' lang='lat' dir='ltr'><strong>inscriptione</strong></span> 
     </span>
     <span class='ocr_line' id='line_1_22' title="bbox 108 2088 1053 2168; baseline -0.006 -20"><span class='ocrx_word' id='word_1_168' title='bbox 108 2090 253 2168; x_wconf 84' lang='lat' dir='ltr'><strong>profitetur</strong></span> <span class='ocrx_word' id='word_1_169' title='bbox 274 2090 320 2163; x_wconf 83' lang='lat' dir='ltr'><strong>(cl.</strong></span> <span class='ocrx_word' id='word_1_170' title='bbox 337 2109 364 2166; x_wconf 93' lang='lat' dir='ltr'><strong>p.</strong></span> <span class='ocrx_word' id='word_1_171' title='bbox 381 2091 496 2165; x_wconf 84' lang='lat' dir='ltr'><strong>xxxvr).</strong></span> <span class='ocrx_word' id='word_1_172' title='bbox 528 2092 600 2147; x_wconf 86' lang='lat' dir='ltr'><strong>Vnde</strong></span> <span class='ocrx_word' id='word_1_173' title='bbox 616 2093 663 2165; x_wconf 88' lang='lat' dir='ltr'><strong>qui</strong></span> <span class='ocrx_word' id='word_1_174' title='bbox 678 2092 801 2167; x_wconf 91' lang='lat' dir='ltr'><strong>potuerit</strong></span> <span class='ocrx_word' id='word_1_175' title='bbox 815 2089 873 2145; x_wconf 88' lang='lat' dir='ltr'><strong>lieri</strong></span> <span class='ocrx_word' id='word_1_176' title='bbox 888 2096 920 2145; x_wconf 89' lang='lat' dir='ltr'><strong>ut</strong></span> <span class='ocrx_word' id='word_1_177' title='bbox 935 2088 979 2144; x_wconf 89' lang='lat' dir='ltr'><strong>uel</strong></span> <span class='ocrx_word' id='word_1_178' title='bbox 997 2095 1053 2143; x_wconf 91' lang='lat' dir='ltr'><strong>tur·</strong></span> 
     </span>
     <span class='ocr_line' id='line_1_23' title="bbox 108 2173 1053 2252; baseline -0.006 -20"><span class='ocrx_word' id='word_1_179' title='bbox 108 2175 213 2252; x_wconf 90' lang='lat' dir='ltr'><strong>pissimi</strong></span> <span class='ocrx_word' id='word_1_180' title='bbox 237 2192 270 2232; x_wconf 83' lang='lat' dir='ltr'><strong>ex</strong></span> <span class='ocrx_word' id='word_1_181' title='bbox 295 2178 337 2232; x_wconf 89' lang='lat' dir='ltr'><strong>his</strong></span> <span class='ocrx_word' id='word_1_182' title='bbox 358 2176 437 2233; x_wconf 87' lang='lat' dir='ltr'><strong>libris</strong></span> <span class='ocrx_word' id='word_1_183' title='bbox 464 2191 686 2251; x_wconf 87' lang='lat' dir='ltr'><strong>nonnumquam</strong></span> <span class='ocrx_word' id='word_1_184' title='bbox 714 2175 811 2232; x_wconf 87' lang='lat' dir='ltr'><strong>bonam</strong></span> <span class='ocrx_word' id='word_1_185' title='bbox 838 2183 866 2229; x_wconf 91' lang='lat' dir='ltr'><strong>et</strong></span> <span class='ocrx_word' id='word_1_186' title='bbox 887 2173 1053 2245; x_wconf 88' lang='lat' dir='ltr'><strong>singularem</strong></span> 
     </span>
     <span class='ocr_line' id='line_1_24' title="bbox 109 2259 713 2336; baseline -0.002 -20"><span class='ocrx_word' id='word_1_187' title='bbox 109 2262 252 2319; x_wconf 91' lang='lat' dir='ltr'><strong>lectionem</strong></span> <span class='ocrx_word' id='word_1_188' title='bbox 268 2264 422 2336; x_wconf 88' lang='lat' dir='ltr'><strong>reciperent</strong></span> <span class='ocrx_word' id='word_1_189' title='bbox 438 2260 516 2318; x_wconf 87' lang='lat' dir='ltr'><strong>lacile</strong></span> <span class='ocrx_word' id='word_1_190' title='bbox 532 2259 713 2333; x_wconf 90' lang='lat' dir='ltr'><strong>intellegitur.</strong></span> 
     </span>
    </p>

    <p class='ocr_par' dir='ltr' id='par_1_4' title="bbox 70 2343 1095 3610">
     <span class='ocr_line' id='line_1_25' title="bbox 170 2343 1054 2403; baseline -0.005 -3"><span class='ocrx_word' id='word_1_191' title='bbox 170 2344 230 2400; x_wconf 89' lang='lat' dir='ltr'><strong>Non</strong></span> <span class='ocrx_word' id='word_1_192' title='bbox 256 2345 338 2402; x_wconf 91' lang='lat' dir='ltr'><strong>nullis</strong></span> <span class='ocrx_word' id='word_1_193' title='bbox 360 2355 450 2403; x_wconf 90' lang='lat' dir='ltr'><strong>tamen</strong></span> <span class='ocrx_word' id='word_1_194' title='bbox 477 2345 554 2402; x_wconf 89' lang='lat' dir='ltr'><strong>libris</strong></span> <span class='ocrx_word' id='word_1_195' title='bbox 576 2343 720 2401; x_wconf 90' lang='lat' dir='ltr'><strong>meliorum</strong></span> <span class='ocrx_word' id='word_1_196' title='bbox 745 2344 894 2401; x_wconf 89' lang='lat' dir='ltr'><strong>lectionum</strong></span> <span class='ocrx_word' id='word_1_197' title='bbox 916 2348 991 2398; x_wconf 90' lang='lat' dir='ltr'><strong>tanta</strong></span> <span class='ocrx_word' id='word_1_198' title='bbox 1012 2351 1054 2397; x_wconf 91' lang='lat' dir='ltr'><strong>est</strong></span> 
     </span>
     <span class='ocr_line' id='line_1_26' title="bbox 110 2426 1053 2506; baseline -0.01 -18"><span class='ocrx_word' id='word_1_199' title='bbox 110 2432 203 2504; x_wconf 89' lang='lat' dir='ltr'><strong>copia,</strong></span> <span class='ocrx_word' id='word_1_200' title='bbox 237 2437 269 2485; x_wconf 89' lang='lat' dir='ltr'><strong>ut</strong></span> <span class='ocrx_word' id='word_1_201' title='bbox 288 2439 335 2486; x_wconf 91' lang='lat' dir='ltr'><strong>aut</strong></span> <span class='ocrx_word' id='word_1_202' title='bbox 355 2433 407 2506; x_wconf 87' lang='lat' dir='ltr'><strong>ipsi</strong></span> <span class='ocrx_word' id='word_1_203' title='bbox 435 2431 621 2487; x_wconf 89' lang='lat' dir='ltr'><strong>secundum</strong></span> <span class='ocrx_word' id='word_1_204' title='bbox 644 2429 802 2485; x_wconf 90' lang='lat' dir='ltr'><strong>melioris</strong></span> <span class='ocrx_word' id='word_1_205' title='bbox 829 2426 1053 2483; x_wconf 88' lang='lat' dir='ltr'><strong>recensionis</strong></span> 
     </span>
     <span class='ocr_line' id='line_1_27' title="bbox 110 2509 1056 2589; baseline -0.008 -18"><span class='ocrx_word' id='word_1_206' title='bbox 110 2513 285 2588; x_wconf 83' lang='lat' dir='ltr'><strong>exemplar</strong></span> <span class='ocrx_word' id='word_1_207' title='bbox 305 2516 422 2572; x_wconf 87' lang='lat' dir='ltr'><strong>dedita</strong></span> <span class='ocrx_word' id='word_1_208' title='bbox 446 2531 550 2589; x_wconf 93' lang='lat' dir='ltr'><strong>opera</strong></span> <span class='ocrx_word' id='word_1_209' title='bbox 572 2515 726 2570; x_wconf 86' lang='lat' dir='ltr'><strong>correcti</strong></span> <span class='ocrx_word' id='word_1_210' title='bbox 748 2527 809 2566; x_wconf 91' lang='lat' dir='ltr'><strong>esse</strong></span> <span class='ocrx_word' id='word_1_211' title='bbox 830 2517 877 2566; x_wconf 91' lang='lat' dir='ltr'><strong>aut</strong></span> <span class='ocrx_word' id='word_1_212' title='bbox 898 2509 996 2564; x_wconf 88' lang='lat' dir='ltr'><strong>alibro</strong></span> <span class='ocrx_word' id='word_1_213' title='bbox 1018 2511 1056 2564; x_wconf 88' lang='lat' dir='ltr'><strong>ita</strong></span> 
     </span>
     <span class='ocr_line' id='line_1_28' title="bbox 111 2589 1090 2673; baseline -0.009 -17"><span class='ocrx_word' id='word_1_214' title='bbox 111 2589 234 2656; x_wconf 76' lang='lat' dir='ltr'><strong>correcto</strong></span> <span class='ocrx_word' id='word_1_215' title='bbox 251 2601 387 2673; x_wconf 86' lang='lat' dir='ltr'><strong>originem</strong></span> <span class='ocrx_word' id='word_1_216' title='bbox 406 2600 520 2656; x_wconf 76' lang='lat' dir='ltr'><strong>traxisse</strong></span> <span class='ocrx_word' id='word_1_217' title='bbox 536 2598 689 2654; x_wconf 91' lang='lat' dir='ltr'><strong>uideantur.</strong></span> <span class='ocrx_word' id='word_1_218' title='bbox 721 2595 777 2652; x_wconf 91' lang='lat' dir='ltr'><strong>lluc</strong></span> <span class='ocrx_word' id='word_1_219' title='bbox 793 2595 932 2669; x_wconf 87' lang='lat' dir='ltr'><strong>pertinent</strong></span> <span class='ocrx_word' id='word_1_220' title='bbox 947 2601 1056 2668; x_wconf 90' lang='lat' dir='ltr'><strong>praeter</strong></span> <span class='ocrx_word' id='word_1_221' title='bbox 1084 2617 1090 2631; x_wconf 90' lang='lat'><em>·</em></span> 
     </span>
     <span class='ocr_line' id='line_1_29' title="bbox 70 2677 1055 2755; baseline -0.007 -14"><span class='ocrx_word' id='word_1_222' title='bbox 70 2693 75 2704; x_wconf 92' lang='lat'><em>&#39;</em></span> <span class='ocrx_word' id='word_1_223' title='bbox 110 2693 217 2741; x_wconf 88' lang='lat' dir='ltr'><strong>ceteros</strong></span> <span class='ocrx_word' id='word_1_224' title='bbox 238 2684 424 2741; x_wconf 89' lang='lat' dir='ltr'><strong>blelisseus</strong></span> <span class='ocrx_word' id='word_1_225' title='bbox 445 2684 492 2740; x_wconf 90' lang='lat' dir='ltr'><strong>ille</strong></span> <span class='ocrx_word' id='word_1_226' title='bbox 513 2681 558 2755; x_wconf 89' lang='lat' dir='ltr'><strong>(cl.</strong></span> <span class='ocrx_word' id='word_1_227' title='bbox 576 2700 599 2739; x_wconf 86' lang='lat' dir='ltr'><strong>e.</strong></span> <span class='ocrx_word' id='word_1_228' title='bbox 616 2699 641 2755; x_wconf 86' lang='lat' dir='ltr'><strong>g.</strong></span> <span class='ocrx_word' id='word_1_229' title='bbox 659 2683 679 2737; x_wconf 88' lang='grc' dir='ltr'>Τ</span> <span class='ocrx_word' id='word_1_230' title='bbox 696 2681 713 2737; x_wconf 82' lang='grc'>9</span> <span class='ocrx_word' id='word_1_231' title='bbox 736 2679 785 2737; x_wconf 78' lang='grc' dir='ltr'><strong>ΗΠ</strong></span> <span class='ocrx_word' id='word_1_232' title='bbox 803 2678 894 2751; x_wconf 79' lang='lat'>1513)</span> <span class='ocrx_word' id='word_1_233' title='bbox 915 2679 959 2736; x_wconf 91' lang='lat' dir='ltr'><strong>cui</strong></span> <span class='ocrx_word' id='word_1_234' title='bbox 975 2677 1055 2734; x_wconf 91' lang='lat' dir='ltr'><strong>nimis</strong></span> 
     </span>
     <span class='ocr_line' id='line_1_30' title="bbox 111 2764 1055 2833; baseline -0.008 -7"><span class='ocrx_word' id='word_1_235' title='bbox 111 2770 205 2826; x_wconf 88' lang='lat' dir='ltr'><strong>tribuit</strong></span> <span class='ocrx_word' id='word_1_236' title='bbox 228 2770 399 2833; x_wconf 74' lang='lat' dir='ltr'><strong>cinnomus,</strong></span> <span class='ocrx_word' id='word_1_237' title='bbox 423 2770 616 2824; x_wconf 89' lang='lat' dir='ltr'><strong>Vossianus</strong></span> <span class='ocrx_word' id='word_1_238' title='bbox 634 2765 795 2830; x_wconf 86' lang='lat' dir='ltr'><strong>,‚melior“,</strong></span> <span class='ocrx_word' id='word_1_239' title='bbox 817 2764 1055 2820; x_wconf 85' lang='lat' dir='ltr'><strong>Palatinarum</strong></span> 
     </span>
     <span class='ocr_line' id='line_1_31' title="bbox 111 2848 1055 2930; baseline -0.008 -20"><span class='ocrx_word' id='word_1_240' title='bbox 111 2850 205 2928; x_wconf 75' lang='lat' dir='ltr'><strong>‘biga&#39;</strong></span> <span class='ocrx_word' id='word_1_241' title='bbox 223 2850 267 2929; x_wconf 86' lang='lat' dir='ltr'><strong>(cl.</strong></span> <span class='ocrx_word' id='word_1_242' title='bbox 283 2854 306 2909; x_wconf 88' lang='lat' dir='ltr'>H</span> <span class='ocrx_word' id='word_1_243' title='bbox 322 2855 362 2912; x_wconf 82' lang='lat'><strong>36</strong></span> <span class='ocrx_word' id='word_1_244' title='bbox 379 2850 460 2930; x_wconf 67' lang='lat' dir='ltr'><strong>squ),</strong></span> <span class='ocrx_word' id='word_1_245' title='bbox 475 2853 749 2926; x_wconf 86' lang='lat' dir='ltr'><strong>Rebdigsrauus</strong></span> <span class='ocrx_word' id='word_1_246' title='bbox 765 2866 792 2904; x_wconf 85' lang='lat' dir='ltr'><strong>n.</strong></span> <span class='ocrx_word' id='word_1_247' title='bbox 811 2850 858 2911; x_wconf 88' lang='lat'><strong>11,</strong></span> <span class='ocrx_word' id='word_1_248' title='bbox 876 2848 1055 2904; x_wconf 85' lang='lat' dir='ltr'><strong>Gothanus</strong></span> 
     </span>
     <span class='ocr_line' id='line_1_32' title="bbox 111 2932 1056 3014; baseline -0.006 -20"><span class='ocrx_word' id='word_1_249' title='bbox 111 2941 178 2995; x_wconf 90' lang='lat' dir='ltr'><strong>alter</strong></span> <span class='ocrx_word' id='word_1_250' title='bbox 194 2935 231 3014; x_wconf 77' lang='lat'><strong>(9)</strong></span> <span class='ocrx_word' id='word_1_251' title='bbox 254 2941 300 3012; x_wconf 90' lang='lat' dir='ltr'><strong>qui</strong></span> <span class='ocrx_word' id='word_1_252' title='bbox 316 2955 398 3013; x_wconf 89' lang='lat' dir='ltr'><strong>saepe</strong></span> <span class='ocrx_word' id='word_1_253' title='bbox 415 2955 476 2994; x_wconf 89' lang='lat' dir='ltr'><strong>cum</strong></span> <span class='ocrx_word' id='word_1_254' title='bbox 491 2937 603 2993; x_wconf 89' lang='lat' dir='ltr'><strong>meliore</strong></span> <span class='ocrx_word' id='word_1_255' title='bbox 626 2937 782 2992; x_wconf 80' lang='lat' dir='ltr'><strong>recentibus</strong></span> <span class='ocrx_word' id='word_1_256' title='bbox 798 2935 990 2998; x_wconf 87' lang='lat' dir='ltr'><strong>consentiunt,</strong></span> <span class='ocrx_word' id='word_1_257' title='bbox 1015 2932 1056 2988; x_wconf 92' lang='lat' dir='ltr'><strong>in·</strong></span> 
     </span>
     <span class='ocr_line' id='line_1_33' title="bbox 112 3017 1057 3098; baseline -0.006 -19"><span class='ocrx_word' id='word_1_258' title='bbox 112 3024 214 3080; x_wconf 79' lang='lat' dir='ltr'><strong>tertium</strong></span> <span class='ocrx_word' id='word_1_259' title='bbox 231 3025 290 3080; x_wconf 89' lang='lat' dir='ltr'><strong>eius</strong></span> <span class='ocrx_word' id='word_1_260' title='bbox 306 3025 469 3098; x_wconf 84' lang='lat' dir='ltr'><strong>scripturam</strong></span> <span class='ocrx_word' id='word_1_261' title='bbox 485 3023 665 3095; x_wconf 86' lang='lat' dir='ltr'><strong>iutegriorsm</strong></span> <span class='ocrx_word' id='word_1_262' title='bbox 684 3019 832 3077; x_wconf 88' lang='lat' dir='ltr'><strong>ostendunt</strong></span> <span class='ocrx_word' id='word_1_263' title='bbox 843 3017 1008 3084; x_wconf 87' lang='lat' dir='ltr'><strong>florentino,</strong></span> <span class='ocrx_word' id='word_1_264' title='bbox 1025 3026 1057 3073; x_wconf 93' lang='lat' dir='ltr'><strong>ut</strong></span> 
     </span>
     <span class='ocr_line' id='line_1_34' title="bbox 111 3101 1095 3183; baseline -0.005 -20"><span class='ocrx_word' id='word_1_265' title='bbox 111 3107 536 3183; x_wconf 81' lang='lat' dir='ltr'><strong>ll111380quoquuodaA</strong></span> <span class='ocrx_word' id='word_1_266' title='bbox 567 3107 648 3164; x_wconf 88' lang='grc'><strong>1377</strong></span> <span class='ocrx_word' id='word_1_267' title='bbox 669 3103 964 3161; x_wconf 81' lang='lat' dir='ltr'><strong>neeRncEnonA</strong></span> <span class='ocrx_word' id='word_1_268' title='bbox 994 3101 1057 3158; x_wconf 79' lang='lat'><strong>920</strong></span> <span class='ocrx_word' id='word_1_269' title='bbox 1092 3124 1095 3129; x_wconf 95' lang='lat'>·</span> 
     </span>
     <span class='ocr_line' id='line_1_35' title="bbox 113 3181 1055 3270; baseline -0.012 -21"><span class='ocrx_word' id='word_1_270' title='bbox 113 3189 163 3267; x_wconf 87' lang='lat' dir='ltr'><strong>(ubi</strong></span> <span class='ocrx_word' id='word_1_271' title='bbox 179 3195 208 3249; x_wconf 90' lang='lat' dir='ltr'><strong>in</strong></span> <span class='ocrx_word' id='word_1_272' title='bbox 224 3193 253 3248; x_wconf 88' lang='lat' dir='ltr'><em>E</em></span> <span class='ocrx_word' id='word_1_273' title='bbox 266 3194 361 3249; x_wconf 90' lang='lat' dir='ltr'><strong>lacuna</strong></span> <span class='ocrx_word' id='word_1_274' title='bbox 378 3189 428 3270; x_wconf 86' lang='lat' dir='ltr'><strong>est)</strong></span> <span class='ocrx_word' id='word_1_275' title='bbox 446 3194 535 3250; x_wconf 87' lang='lat' dir='ltr'><strong>eulete</strong></span> <span class='ocrx_word' id='word_1_276' title='bbox 550 3193 577 3248; x_wconf 83' lang='lat' dir='ltr'><em>R</em></span> <span class='ocrx_word' id='word_1_277' title='bbox 594 3198 705 3247; x_wconf 85' lang='lat' dir='ltr'><strong>euectae</strong></span> <span class='ocrx_word' id='word_1_278' title='bbox 720 3189 745 3244; x_wconf 83' lang='lat' dir='ltr'><em>A</em></span> <span class='ocrx_word' id='word_1_279' title='bbox 761 3181 774 3269; x_wconf 71' lang='grc' dir='ltr'><strong>[Ι</strong></span> <span class='ocrx_word' id='word_1_280' title='bbox 789 3188 827 3245; x_wconf 93' lang='lat' dir='ltr'><strong>illi</strong></span> <span class='ocrx_word' id='word_1_281' title='bbox 844 3188 927 3260; x_wconf 69' lang='lat' dir='ltr'><strong>opp</strong></span> <span class='ocrx_word' id='word_1_282' title='bbox 948 3184 1015 3240; x_wconf 90' lang='lat' dir='ltr'><strong>illud</strong></span> <span class='ocrx_word' id='word_1_283' title='bbox 1031 3186 1055 3239; x_wconf 85' lang='grc' dir='ltr'><em>Α</em></span> 
     </span>
     <span class='ocr_line' id='line_1_36' title="bbox 111 3268 1053 3353; baseline -0.011 -19"><span class='ocrx_word' id='word_1_284' title='bbox 111 3278 286 3353; x_wconf 80' lang='lat' dir='ltr'><strong>llsstepenti</strong></span> <span class='ocrx_word' id='word_1_285' title='bbox 302 3271 374 3333; x_wconf 71' lang='grc' dir='ltr'><strong>ΑΕ2</strong></span> <span class='ocrx_word' id='word_1_286' title='bbox 397 3285 506 3353; x_wconf 89' lang='lat' dir='ltr'><strong>tepente</strong></span> <span class='ocrx_word' id='word_1_287' title='bbox 530 3272 555 3332; x_wconf 90' lang='lat' dir='ltr'><em>V</em></span> <span class='ocrx_word' id='word_1_288' title='bbox 558 3276 595 3332; x_wconf 83' lang='lat' dir='ltr'><strong>R.</strong></span> <span class='ocrx_word' id='word_1_289' title='bbox 640 3275 679 3330; x_wconf 81' lang='lat' dir='ltr'><strong>Gi.</strong></span> <span class='ocrx_word' id='word_1_290' title='bbox 700 3283 855 3348; x_wconf 86' lang='lat' dir='ltr'><strong>praeterea,</strong></span> <span class='ocrx_word' id='word_1_291' title='bbox 878 3278 909 3326; x_wconf 92' lang='lat' dir='ltr'><strong>ut</strong></span> <span class='ocrx_word' id='word_1_292' title='bbox 930 3268 1053 3325; x_wconf 87' lang='lat' dir='ltr'><strong>emultis</strong></span> 
     </span>
     <span class='ocr_line' id='line_1_37' title="bbox 111 3355 1056 3437; baseline -0.01 -18"><span class='ocrx_word' id='word_1_293' title='bbox 111 3381 192 3437; x_wconf 89' lang='lat' dir='ltr'><strong>pauca</strong></span> <span class='ocrx_word' id='word_1_294' title='bbox 214 3364 374 3428; x_wconf 84' lang='lat' dir='ltr'><strong>afferamus,</strong></span> <span class='ocrx_word' id='word_1_295' title='bbox 405 3368 454 3435; x_wconf 84' lang='lat' dir='ltr'><strong>Ag.</strong></span> <span class='ocrx_word' id='word_1_296' title='bbox 480 3362 539 3420; x_wconf 98' lang='grc'><strong>177</strong></span> <span class='ocrx_word' id='word_1_297' title='bbox 562 3363 634 3417; x_wconf 91' lang='lat' dir='ltr'><strong>senis</strong></span> <span class='ocrx_word' id='word_1_298' title='bbox 656 3360 716 3415; x_wconf 83' lang='lat' dir='ltr'><strong>ER</strong></span> <span class='ocrx_word' id='word_1_299' title='bbox 737 3377 791 3432; x_wconf 73' lang='lat' dir='ltr'><strong>mg.</strong></span> <span class='ocrx_word' id='word_1_300' title='bbox 813 3375 848 3411; x_wconf 86' lang='lat' dir='ltr'><strong>m.</strong></span> <span class='ocrx_word' id='word_1_301' title='bbox 867 3373 917 3428; x_wconf 83' lang='lat' dir='ltr'><strong>pr.</strong></span> <span class='ocrx_word' id='word_1_302' title='bbox 939 3355 1056 3424; x_wconf 70' lang='lat' dir='ltr'><strong>ducisA</strong></span> 
     </span>
     <span class='ocr_line' id='line_1_38' title="bbox 112 3441 1056 3507; baseline -0.01 -3"><span class='ocrx_word' id='word_1_303' title='bbox 112 3449 156 3505; x_wconf 79' lang='grc' dir='ltr'><strong>ΗΠ</strong></span> <span class='ocrx_word' id='word_1_304' title='bbox 172 3449 257 3507; x_wconf 85' lang='grc'><strong>1360</strong></span> <span class='ocrx_word' id='word_1_305' title='bbox 278 3449 394 3506; x_wconf 88' lang='lat' dir='ltr'><strong>leminea</strong></span> <span class='ocrx_word' id='word_1_306' title='bbox 409 3448 471 3504; x_wconf 78' lang='lat' dir='ltr'><strong>ER</strong></span> <span class='ocrx_word' id='word_1_307' title='bbox 498 3447 620 3503; x_wconf 80' lang='lat' dir='ltr'><strong>femineis</strong></span> <span class='ocrx_word' id='word_1_308' title='bbox 636 3446 661 3500; x_wconf 88' lang='grc' dir='ltr'><em>Α</em></span> <span class='ocrx_word' id='word_1_309' title='bbox 690 3444 710 3501; x_wconf 89' lang='grc' dir='ltr'>Ρ</span> <span class='ocrx_word' id='word_1_310' title='bbox 727 3443 786 3501; x_wconf 83' lang='grc'><strong>651</strong></span> <span class='ocrx_word' id='word_1_311' title='bbox 804 3441 882 3497; x_wconf 89' lang='lat' dir='ltr'><strong>uenis</strong></span> <span class='ocrx_word' id='word_1_312' title='bbox 897 3442 941 3496; x_wconf 84' lang='grc' dir='ltr'><strong>Αε</strong></span> <span class='ocrx_word' id='word_1_313' title='bbox 968 3455 1056 3496; x_wconf 91' lang='lat' dir='ltr'><strong>uenus</strong></span> 
     </span>
     <span class='ocr_line' id='line_1_39' title="bbox 113 3525 1052 3610; baseline -0.012 -20"><span class='ocrx_word' id='word_1_314' title='bbox 113 3529 136 3610; x_wconf 86' lang='lat' dir='ltr'><strong>(i.</strong></span> <span class='ocrx_word' id='word_1_315' title='bbox 153 3552 176 3591; x_wconf 93' lang='lat' dir='ltr'><strong>e.</strong></span> <span class='ocrx_word' id='word_1_316' title='bbox 191 3530 288 3608; x_wconf 90' lang='lat' dir='ltr'><strong>uenas)</strong></span> <span class='ocrx_word' id='word_1_317' title='bbox 305 3533 332 3590; x_wconf 85' lang='lat' dir='ltr'><em>R</em></span> <span class='ocrx_word' id='word_1_318' title='bbox 362 3534 411 3590; x_wconf 92' lang='lat' dir='ltr'><strong>ll11</strong></span> <span class='ocrx_word' id='word_1_319' title='bbox 428 3531 507 3591; x_wconf 83' lang='grc'><strong>1511</strong></span> <span class='ocrx_word' id='word_1_320' title='bbox 525 3547 624 3605; x_wconf 90' lang='lat' dir='ltr'><strong>parens</strong></span> <span class='ocrx_word' id='word_1_321' title='bbox 641 3528 747 3584; x_wconf 73' lang='lat' dir='ltr'><strong>Emit</strong></span> <span class='ocrx_word' id='word_1_322' title='bbox 768 3526 878 3584; x_wconf 79' lang='lat' dir='ltr'><strong>meisA</strong></span> <span class='ocrx_word' id='word_1_323' title='bbox 900 3525 980 3584; x_wconf 77' lang='lat'>1535</span> <span class='ocrx_word' id='word_1_324' title='bbox 998 3541 1052 3598; x_wconf 90' lang='lat' dir='ltr'><strong>quo</strong></span> 
     </span>
    </p>
   </div>
   <div class='ocr_carea' id='block_1_3' title="bbox 810 3626 855 3684">
    <p class='ocr_par' dir='ltr' id='par_1_5' title="bbox 810 3626 855 3684">
     <span class='ocr_line' id='line_1_40' title="bbox 810 3626 855 3684; baseline 0 -20"><span class='ocrx_word' id='word_1_325' title='bbox 810 3626 855 3684; x_wconf 70' lang='lat' dir='ltr'><strong>b*</strong></span> 
     </span>
    </p>
   </div>
   <div class='ocr_carea' id='block_1_4' title="bbox 0 0 1272 3998">
    <p class='ocr_par' dir='ltr' id='par_1_6' title="bbox 0 0 1272 3998">
     <span class='ocr_line' id='line_1_41' title="bbox 0 0 1272 3998; baseline 0 0"><span class='ocrx_word' id='word_1_326' title='bbox 0 0 1272 3998; x_wconf 95' lang='lat' dir='ltr'><strong> </strong></span> 
     </span>
    </p>
   </div>
  </div>
 </body>
</html>
