2526 3986
163 171 206 234 60
382 251 388 262 Ι
444 184 799 231 permanentemque

1074 267 1079 296 Ι

166 342 219 383 nes
235 342 353 402 quoque
368 330 540 390 tremamus,
557 325 756 400 quaere-ciam
773 329 871 382 nostra
888 322 966 383 subit

166 427 181 469 e
197 409 288 487 stirpe
304 407 391 468 turha
407 426 482 486 quae
498 426 582 468 suum
599 410 699 467 uincat
714 425 807 484 genus

165 511 199 553 ac
217 511 262 553 me
279 494 466 553 innocentem
485 492 571 551 iaciat
587 499 615 552 et
631 493 731 551 inausa
748 491 863 551 audeat.

131 593 146 626 0
208 577 340 653 Regione
356 577 497 655 quicquid
513 577 591 653 inpia
608 584 704 636 cessat
719 575 785 644 ieci,

166 660 327 740 conplebe,
346 659 508 738 numquam
525 667 620 721 stante
636 660 760 741 pelopea
778 660 868 720 donin

165 746 260 806 Minos
277 745 402 807 necabit.

164 843 243 890 uvea.
449 847 540 908 perge
557 828 736 890 detestabilis

166 914 270 974 umbra
289 923 317 974 et
332 924 454 992 penates
469 917 566 990 inpios
589 913 699 975 iuriis
721 931 785 992 age.
871 960 891 976 .

131 1032 146 1065 e
210 999 345 1060 Certetur
361 1001 441 1058 omni
458 997 570 1060 sceiere
593 1006 622 1057 et
636 997 748 1058 alterna
764 999 844 1070 uice¹

167 1085 329 1162 stringatur
346 1085 432 1144 ensis.
465 1102 520 1144 nec
536 1085 573 1143 sit
587 1085 700 1144 irarum
717 1083 822 1142 modus

93 1166 95 1170 ’
167 1167 318 1246 puderue:
335 1176 449 1229 mentes
465 1186 570 1228 caecus
585 1169 704 1246 instiget
720 1167 840 1237 turer,

166 1251 263 1313 rabies
279 1261 434 1330 parentum
451 1253 536 1312 duret
552 1260 581 1312 et
595 1246 717 1330 longum
734 1252 816 1312 nefas

167 1345 213 1397 eat
228 1340 257 1396 in
274 1347 405 1414 nepotes.
637 1398 644 1406 ,

131 1439 149 1487 b
446 1421 507 1482 Nee
523 1428 608 1482 uacet
624 1422 760 1500 cuiquam
777 1429 869 1486 uetus,

101 1511 106 1521 '
168 1506 263 1566 odisse
280 1507 437 1565 crimen:
462 1525 579 1584 semper
595 1509 708 1566 oriatur
724 1525 835 1569 nouum
966 1567 973 1580 ,.

167 1609 223 1651 nec
238 1609 331 1651 unum
348 1592 377 1650 in
394 1609 466 1657 uno,
485 1591 613 1668 dumque
629 1593 750 1668 punitur
766 1591 905 1660 scelus,

168 1683 291 1736 crescat.
316 1675 453 1754 superbis
469 1675 610 1734 tratribus
627 1693 739 1752 regna
757 1676 892 1737 excidant
992 1677 993 1680 ’

167 1768 341 1838 repetatque
358 1761 501 1838 prot'uges
523 1759 611 1819 dubia
627 1759 773 1820 uiolentae
790 1760 894 1820 domus

169 1844 294 1906 fortuna.

126 1939 154 1996 b'
333 1929 427 2006 Reges
443 1929 519 1987 inter
538 1929 668 1988 incertos
683 1929 762 1991 labet

168 2015 273 2096 [miser
287 2032 327 2074 ex
337 2017 548 2090 patefecerint,
566 2031 606 2074 ex
620 2019 729 2075 misero
738 2013 862 2094 potens]

166 2100 322 2176 fluctuque
333 2114 491 2173 regnum
508 2115 594 2158 casus
610 2098 731 2159 adsiduo
750 2099 833 2160 ierat.

166 2183 204 2243 eb
227 2181 372 2244 scelera
394 2180 486 2259 pulsi,
511 2201 578 2242 curn
595 2181 675 2243 dabit
689 2188 814 2263 patriam
831 2185 912 2251 deus,

99 2290 102 2294 ·
167 2270 195 2327 in
218 2266 366 2328 scelera
388 2267 511 2328 redeant
533 2270 649 2346 sintque
664 2275 724 2329 tam
741 2269 828 2329 inuisi
844 2268 990 2337 omnibus,

167 2370 253 2431 quam
271 2351 336 2412 sibi.
366 2351 438 2411 nihii
454 2353 491 2410 sit
507 2354 549 2412 ire
566 2353 643 2430 qued
661 2354 784 2413 uetitum
802 2361 898 2432 putet:

133 2454 147 2488 e
209 2437 377 2517 Fratrem
399 2444 576 2514 expauescat
591 2437 725 2508 irater,
744 2445 772 2499 et
788 2446 906 2514 gnatum
924 2456 1032 2515 parens

164 2530 329 2601 gnatusque
345 2531 476 2600 patrem,
494 2521 579 2582 liberi
595 2532 718 2600 pereant
733 2523 818 2591 male,

165 2609 249 2685 peius
265 2613 362 2666 tamen
379 2615 551 2676 nascantur,
569 2607 711 2668 inmineat
728 2609 792 2666 uiro

166 2693 270 2751 intesta
288 2693 432 2758 coniunx,
449 2689 526 2751 heila
542 2698 623 2750 trans
639 2699 762 2768 pontum
778 2693 896 2752 uetant.

130 2768 154 2827 θ’
202 2776 318 2835 Etiusus
334 2777 429 2835 omnis
445 2777 552 2853 inriget
566 2783 661 2835 terras
678 2795 767 2836 cruor

165 2878 314 2938 supraque
330 2877 452 2937 magnos
469 2862 599 2936 gentium
618 2859 726 2920 exultet
743 2861 832 2922 duces

166 2945 255 3004 iibido
272 2946 387 3005 uictrix.
411 2945 488 3022 inpia
505 2951 639 3023 stuprum
655 2947 686 3004 in
703 2947 791 3005 (tomo

165 3029 347 3090 leuissimum
365 3031 411 3089 sit.
447 3030 582 3088 fratris
599 3036 627 3090 et
644 3029 686 3088 ias
703 3041 729 3090 et
745 3031 817 3090 tides

231 3271 264 3318 23
280 3268 328 3316 ne.
341 3269 365 3318 Α
383 3266 504 3316 FVRIA.
522 3266 548 3314 E
567 3263 615 3330 (sic
626 3283 674 3330 per
686 3239 763 3317 totum
774 3266 903 3332 scaenam)
921 3264 933 3334 H
950 3271 982 3318 26
994 3270 1082 3318 strin-

164 3339 264 3399 gantur
284 3350 367 3386 enses,
382 3337 405 3384 A
438 3335 592 3401 stringatur
611 3349 671 3384 esea
690 3335 714 3382 E
737 3333 795 3396 (atr.
816 3337 890 3384 ensis
908 3337 933 3384 Ε
952 3345 969 3385 t.
982 3337 1039 3398 Gr.)
1057 3333 1069 3400 [l

163 3405 196 3451 33
219 3407 401 3466 repetantque
421 3402 475 3450 Et.
486 3403 528 3454 Gr.
561 3407 767 3466 repetetqnerp
797 3401 808 3468 ΙΙ
837 3406 869 3454 35
893 3405 976 3454 deterri
1004 3401 1015 3468 ΙΙ
1044 3406 1078 3454 36

163 3469 292 3530 luctuque
311 3469 336 3516 E
365 3467 377 3532 Η
1053 3513 1059 3519 .
