2526 3986
188 199 231 264 66
475 215 506 263 E.
524 217 657 264 aunam
674 216 829 265 sEquaE

189 354 316 416 debehat
331 356 423 416 ermis
437 353 518 416 orbis
534 362 563 415 et
578 356 728 432 geminum
746 373 829 418 mare

188 441 339 518 utrimque
355 439 465 502 classes
480 457 586 518 agere,
603 441 660 500 iam
675 439 801 504 flammis
817 458 904 519 agros

189 523 288 585 lucere
305 532 334 586 et
349 524 439 586 urbes
455 525 555 585 decuit
570 543 604 586 ae
620 526 754 586 strictum
771 525 902 606 undique

188 611 298 670 micare
314 609 437 670 ferrum.
787 665 790 670 .

476 692 549 754 Tota
567 693 621 755 sub
638 701 741 754 nostro
758 703 844 756 sonet

189 777 316 857 argolica
332 778 419 839 tellus
435 779 547 858 equite,
564 796 624 839 non
640 778 731 839 siluae
746 787 848 856 tegant

189 865 305 925 hostem
323 882 378 923 nec
394 862 460 924 altis
477 864 621 923 montium
637 871 767 924 structae
782 865 859 942 iugis

188 966 283 1009 arces.
310 948 420 1009 relictis
436 946 574 1009 bellicum
591 955 669 1009 totus
685 955 771 1008 canat
800 966 803 978 ·

189 1032 314 1112 populus
329 1033 469 1112 Mycenis,
497 1033 629 1111 quisquis
645 1033 773 1092 inuisum
789 1039 878 1112 caput

188 1119 260 1196 tegit
275 1135 309 1177 ac
325 1125 423 1178 tuetur
440 1116 523 1180 clade
539 1119 654 1178 funesta
670 1117 793 1178 occidat.

188 1203 263 1263 haec
278 1203 340 1280 ipsa
357 1201 472 1281 pollens
486 1201 580 1262 incliti
594 1200 712 1280 Pelopis
728 1202 834 1262 domus

189 1293 256 1348 ruat
270 1285 318 1346 uel
333 1288 363 1345 iu
380 1305 437 1355 me,
454 1286 615 1346 dummodo
630 1288 660 1346 iu
677 1286 800 1346 inatrem
816 1294 892 1348 ruat.

153 1389 171 1440 b
231 1373 293 1448 Age
309 1372 405 1432 anime
421 1371 467 1431 lac
482 1371 560 1450 quod
577 1370 658 1432 nulla
673 1372 831 1449 posteritas
846 1370 964 1449 probet,

190 1454 242 1518 sed
259 1454 339 1515 nulla
357 1461 461 1516 taceat.
489 1454 606 1534 aliquod
622 1455 791 1516 audendum
807 1463 852 1516 est
868 1455 952 1517 nelas

189 1549 273 1601 atrox
290 1547 450 1600 cruentum
466 1539 524 1600 tale
541 1540 620 1618 quod
637 1541 727 1600 irater
744 1558 828 1600 meus

188 1643 275 1685 suum
292 1643 357 1686 esse
373 1622 483 1686 mallet.
511 1625 625 1686 seelera
641 1643 700 1685 non
718 1625 869 1686 ulcisceris
1127 1645 1176 1694 195

188 1710 244 1769 nisi
259 1711 364 1770 uineis.
379 1744 423 1758 —-
439 1710 545 1790 ecquid
561 1729 626 1771 esse
642 1718 701 1770 tam
717 1728 840 1770 saeuum
855 1714 953 1787 potest

189 1794 267 1873 quod
284 1803 405 1872 superet
419 1793 523 1856 illum?
544 1795 686 1874 numquid
702 1794 835 1855 abiectus
850 1793 944 1855 iacet‘t

150 1887 175 1945 b'
233 1879 380 1956 Numquid
397 1879 535 1940 secundis
552 1881 663 1957 patitur
678 1882 708 1939 in
725 1878 816 1940 rebus
832 1878 963 1948 modum,

187 1963 272 2024 fessis
288 1964 437 2040 quietem?
460 1965 530 2023 noui
546 1979 601 2040 ego
617 1965 769 2042 ingenium
787 1965 844 2024 uini
924 2036 928 2042 θ
962 2019 964 2023 ,

187 2045 328 2108 indocile:
345 2046 423 2108 sseeti
438 2065 499 2108 nou
515 2055 621 2126 potest,
638 2048 735 2126 frangi
751 2054 856 2125 potest.
1125 2067 1175 2115 noo

139 2177 140 2180 η
188 2132 314 2210 proinde
330 2138 486 2210 antequam
502 2151 534 2194 se
550 2133 648 2194 firmat
662 2139 713 2194 aut
728 2134 809 2194 uires
825 2137 910 2212 parat
1099 2145 1121 2185 θ’.
1133 2145 1210 2186 cxxn

188 2224 303 2294 petatur
319 2216 413 2277 ultro:
438 2235 476 2278 ne
493 2218 693 2295 quiescentem
709 2224 799 2295 petat.

158 2292 163 2308 ’
187 2308 238 2362 aut
252 2301 373 2381 perdet,
390 2310 440 2362 aut
455 2301 578 2381 peribit,
595 2304 626 2362 ln
643 2303 740 2362 medio
757 2310 801 2364 est
816 2300 913 2362 scelus

187 2388 318 2466 positum
336 2389 501 2466 occupanti.

121 2505 191 2554 a
229 2483 303 2532 sna.
536 2471 628 2532 Fama
645 2478 672 2531 te
689 2469 792 2550 populi
808 2469 880 2530 nihil

187 2555 310 2616 aduersa
327 2557 436 2617 temeti
749 2617 750 2620 ,

186 2653 265 2701 nun.
470 2641 629 2700 maximum
646 2639 703 2700 hoc
718 2641 803 2718 segni
818 2639 931 2700 honum
947 2645 999 2707 est,
1126 2659 1179 2707 ‘205

187 2723 265 2801 quod
282 2723 357 2784 lacta
374 2725 487 2784 domini
502 2726 617 2802 cogitur
632 2724 760 2804 populus
776 2726 821 2785 sui

188 2816 245 2868 tam
261 2810 341 2869 ferre
357 2826 445 2887 quam
460 2808 632 2871 laudare.

186 2905 261 2954 suu.
309 2941 312 2950 ,
672 2913 745 2973 quos
761 2895 839 2971 cogit
855 2899 952 2954 metus

186 2976 355 3048 laudare,
373 2978 492 3038 eosdem
508 2978 606 3039 reddit
621 2979 754 3038 inimicos
770 2986 875 3039 metus.

255 3233 301 3284 181
322 3233 405 3283 armis
424 3230 550 3282 omnisA
575 3245 600 3280 a.
620 3231 695 3282 orbis
712 3231 738 3280 E
766 3228 778 3298 ll
812 3232 860 3282 182
884 3230 980 3280 innare
1005 3229 1130 3280 elassis

186 3302 241 3350 iam
265 3301 321 3350 tuis
343 3301 369 3349 fl.
390 3317 415 3350 a.
434 3300 465 3350 Α
495 3297 639 3361 utrimque
659 3299 763 3350 classes
788 3315 870 3364 agere
898 3299 955 3348 iam
978 3298 998 3348 f.
1023 3297 1049 3345 E
1083 3295 1091 3364 Ι

166 3369 235 3416 ·195
259 3368 339 3416 malit
356 3369 381 3418 Α
405 3367 502 3418 mallet
519 3367 545 3416 E
573 3362 585 3432 ll
615 3369 663 3418 196
689 3371 717 3417 et
739 3367 842 3432 quidm
872 3365 979 3430 ecquid
1001 3364 1051 3416 Bo.
1082 3365 1087 3431 Ι

184 3435 233 3482 201
257 3433 346 3485 firmet
369 3453 393 3488 a.
413 3451 439 3484 u.
464 3434 587 3500 puretA
619 3433 709 3484 firmat
733 3451 757 3487 a.
776 3451 804 3485 u.
829 3438 913 3500 parat
935 3433 960 3483 Ε
1002 3429 1014 3503 ll
1055 3436 1106 3486 207

184 3515 267 3562 quom
285 3501 304 3549 f.
323 3505 379 3551 tam
396 3502 453 3554 uA
472 3508 529 3552 tem
548 3502 568 3552 f.
589 3517 669 3566 quom
688 3503 705 3552 l.
725 3500 786 3570 El]
