2440 3966
420 169 602 218 unncvnns
621 154 809 237 [onradus]
1011 151 1073 215 437

122 315 155 375 b‘'
283 309 442 371 Fallimur:
464 309 542 372 laetu
557 310 641 370 uenit
656 326 745 369 ecee
760 305 842 381 uoltu

240 413 329 473 quem
345 394 412 455 tulit
427 395 542 455 Poeans
558 393 728 472 umerisque
743 391 800 453 tela

241 487 336 556 gestat
352 487 381 540 et
396 486 480 539 notas
495 477 612 556 populis
628 478 783 556 pharetras

359 563 537 625 Herculi-s
552 563 650 625 heres.

450 828 597 878 CHORVS.
621 828 783 877 NVNTIVS.

201 987 301 1048 Effare
318 1004 403 1047 casus
418 987 535 1047 iuuenis
551 984 708 1047 herculeus
726 1002 843 1064 precor,

155 1071 278 1134 uoltune
294 1090 421 1152 quonam
437 1070 538 1132 tulerit
552 1069 669 1133 Alcides
685 1088 799 1131 necem.

153 1171 257 1218 urum.
275 1176 333 1236 quo
349 1175 437 1218 nemo
452 1157 552 1218 uitam.

156 1255 261 1303 ouon.
589 1239 685 1302 laetus
700 1239 814 1301 adeone
829 1237 948 1301 ultimos

156 1327 262 1386 inuasit
278 1327 379 1404 ignes?

157 1417 261 1470 anr.
411 1427 478 1470 esse
491 1411 550 1470 iam
566 1408 700 1469 flammas
714 1407 788 1469 nihil

158 1491 847 1570 mmmfflmmfflmfflms

157 1581 280 1640 inmune
295 1580 341 1638 nil
354 1577 484 1655 reliquit.
516 1595 553 1637 eu
569 1576 677 1636 domita
694 1579 801 1636 omnia.

158 1675 263 1724 cnon.
279 1665 357 1722 inter
373 1678 499 1739 uapores
515 1662 580 1740 quis
596 1660 651 1720 fuit
666 1660 734 1721 forti
749 1659 852 1721 locus?

158 1761 263 1808 uvur.
282 1746 361 1824 quod
376 1764 468 1806 unum
484 1747 514 1806 in
530 1745 603 1807 orbe
618 1748 733 1806 uicerat
748 1745 880 1806 noudum
897 1743 1005 1806 maium

160 1840 190 1892 et
204 1831 322 1892 flamma
337 1833 414 1892 uieta
431 1838 489 1900 est,
506 1830 579 1891 haec
595 1848 713 1909 quoque
729 1831 853 1892 accessit
868 1831 953 1898 ieris,

159 1919 238 1977 inter
253 1915 372 1976 labores
387 1917 463 1994 ignis
478 1914 634 1976 herculeos
650 1915 718 1976 abit.
1096 1925 1162 1974 1620

159 2013 263 2062 cnon.
287 2001 417 2062 edissere
433 2000 558 2078 agedum
575 1999 692 2060 flamma
709 2018 768 2080 quo
784 2000 861 2060 uicta
878 2006 922 2060 est
937 1999 1043 2060 modo?

158 2099 262 2147 uvnr.
281 2094 313 2146 ut
329 2087 425 2146 omnis
442 2083 535 2146 Oeten
552 2093 664 2146 maesta
680 2087 828 2164 corripuit
842 2103 963 2145 manus:

157 2171 226 2232 huic
243 2169 328 2248 iagus
344 2169 465 2232 umbras
481 2170 580 2249 perdit
594 2180 624 2232 et
639 2177 700 2248 toto
716 2170 791 2230 iacet

157 2255 273 2316 succisa
287 2263 409 2323 trunco,
427 2254 521 2316 flectit
535 2254 583 2316 hie
598 2257 700 2332 pinum
718 2254 800 2316 ferox

110 2360 113 2364 ·
158 2341 246 2399 astris
261 2341 423 2399 minantem
440 2347 469 2399 et
485 2339 564 2399 nube
581 2340 617 2400 de
632 2339 729 2400 media
746 2347 847 2409 uocat,

159 2425 274 2484 ruitura
291 2431 406 2485 cautem
423 2425 516 2484 mouit
532 2430 561 2485 et
577 2423 681 2484 siluain
697 2423 764 2484 tulit

229 2711 294 2762 1608
312 2711 403 2762 Poeas
415 2712 441 2761 A
459 2726 545 2777 penus
563 2707 698 2778 1111119111
713 2711 890 2776 humerisque
909 2711 934 2762 Α
947 2711 970 2762 R
988 2712 1076 2762 humi-

159 2777 250 2842 lisque
268 2777 344 2844 11119)
368 2776 379 2845 11
402 2778 559 2830 NVNTIVS
574 2787 580 2817 ὲ
596 2778 742 2831 OHORVS
761 2779 787 2830 Ε
816 2778 961 2830 CHORVS
977 2803 983 2817 ·
997 2780 1076 2830 PHI-

159 2844 329 2896 LOTETES
341 2847 365 2896 R
382 2845 520 2897 NVTRIX
535 2871 541 2885 ·
555 2847 812 2898 PHILOOTETES
825 2849 851 2899 A
864 2845 937 2912 (add.
949 2846 1077 2896 alemena

162 2912 201 2978 G)
225 2919 251 2964 et
274 2917 312 2964 sie
332 2930 384 2980 per
406 2921 484 2966 totum
506 2930 631 2966 scaenam.
662 2913 674 2982 11
704 2917 770 2966 1612
792 2916 913 2966 Voltune
931 2914 957 2963 Ε
986 2915 1081 2964 Voltu-

160 2995 214 3044 que
233 2982 258 3032 A
287 2979 300 3047 11
329 2984 397 3032 1614
420 2986 539 3032 essetam
556 2984 582 3033 E
613 2999 673 3033 esse
692 2985 749 3034 iam
767 2985 792 3033 A
821 2980 834 3049 11
863 2982 929 3032 1616
954 2981 1004 3031 nub
1029 2982 1083 3032 hoc

159 3049 261 3100 mundo
279 3049 305 3100 Ε
323 3052 373 3101 sub
393 3065 496 3100 occasu
514 3053 539 3101 A
556 3047 568 3119 11
587 3052 652 3102 1616
669 3052 792 3101 Immune
811 3051 906 3102 uinci?
925 3046 986 3114 (eie)
1004 3048 1086 3114 liquit

162 3133 197 3169 en
216 3119 321 3168 domita
340 3118 433 3168 omniu
451 3119 477 3168 E
493 3119 628 3170 Immune
646 3119 694 3169 nii
713 3119 840 3183 reliquit
860 3119 938 3170 Gran
958 3116 1085 3168 edomita

161 3186 238 3238 NHe.
252 3189 317 3238 conl.
330 3186 491 3238 Here.I960
504 3185 780 3254 (perdomitatellus)
794 3187 903 3238 Virtute
916 3184 992 3234 uinci
1005 3185 1084 3236 indo-

160 3255 229 3304 mita
248 3255 344 3306 docuit
362 3257 495 3318 omnium
526 3257 559 3307 V.
577 3272 605 3308 11.
630 3255 726 3306 docuit
744 3255 881 3306 indomita
899 3255 992 3305 omnia
1011 3257 1047 3304 u?
1069 3255 1083 3318 11

162 3323 227 3373 1618
245 3321 313 3375 orbe
333 3323 359 3373 Ε
378 3323 444 3373 orbe
462 3326 488 3374 A
500 3320 512 3391 11
524 3325 635 3375 uicerat
653 3324 678 3372 Ε
696 3329 814 3374 uenerat
831 3325 857 3374 A
871 3321 882 3390 11
900 3323 966 3373 1623
984 3322 1041 3372 Hie
1059 3323 1085 3372 Ε

160 3390 234 3440 Hine
253 3391 278 3442 A
296 3391 369 3441 Huic
390 3392 468 3442 Gran.
481 3388 565 3458 111010
584 3392 633 3442 en
650 3395 711 3441 totu
729 3393 754 3441 A
772 3389 775 3458 1
801 3394 870 3442 1624
887 3391 976 3442 flectit
994 3390 1040 3440 hic
1059 3390 1085 3439 Ε

160 3458 238 3508 flexit
249 3458 314 3510 hine
327 3461 352 3510 A
364 3455 376 3524 11
390 3460 455 3510 1626
469 3463 578 3509 cautem
591 3459 617 3510 Ε
636 3463 733 3510 cautes
745 3461 770 3510 A
789 3455 794 3526 1
805 3459 870 3510 tulit
882 3461 907 3510 Ε
925 3458 1012 3509 trahit
1024 3459 1050 3508 A
1061 3454 1075 3522 11
