2516 3998
199 171 241 234 20
479 159 661 228 maurum
677 181 833 229 sursera

160 357 185 390 m
242 335 318 383 Luc.
349 322 508 382 Animosne
523 337 638 382 mersus
654 319 712 382 ins
717 321 794 381 eris
810 321 938 380 eouiuux
955 319 1040 380 facit?

200 421 284 470 urse.
314 407 462 468 inferna
477 406 583 482 tetigit,
599 413 700 483 posset
715 412 747 464 ut
762 423 868 484 supera
885 405 1016 484 adsequi.

199 506 276 554 Luc.
307 490 421 552 telluris
436 489 518 552 illum
535 491 651 568 pondus
665 492 817 552 inmensae
833 491 979 566 premit.

64 648 67 653 ,
199 591 284 639 urse.
314 575 395 637 nullo
412 585 605 654 premetur
621 593 712 635 onere
729 577 778 652 qui
794 573 908 634 eaelum
923 573 999 635 tulit.

158 671 192 728 m'
244 674 321 724 ure.
353 661 505 738 Cogere.
1134 660 1182 709 430

204 761 287 808 Muta.
540 746 624 820 cogi
639 745 690 823 qui
705 751 811 822 potest,
827 745 921 804 nescit
936 745 1021 803 mori.

199 845 277 892 ure.
307 831 399 891 effare
414 829 548 890 thalamis
564 829 643 907 quod
660 831 745 890 nouis
760 830 858 908 potius
873 846 976 908 parem

199 916 298 994 regale
313 915 437 976 munus?

199 1014 284 1063 urse.
450 1006 596 1060 auttuam
612 1007 737 1060 mortem
754 1005 924 1060 autmeam.
1117 1025 1138 1067 a,
1153 1027 1211 1067 ems
1247 1039 1248 1074 p

198 1098 274 1146 Luc.
300 1087 428 1145 moriere
443 1083 581 1144 demens?

198 1183 283 1231 mue.
586 1167 705 1244 coniugi
721 1185 876 1228 ooourram
892 1185 969 1228 meo.

158 1269 185 1302 m
239 1266 316 1314 Luc.
340 1255 524 1332 Sceptraque
539 1261 642 1313 nostro
659 1251 821 1312 famulus
837 1258 881 1312 est
895 1255 993 1330 potior
1009 1251 1079 1312 tibi?

198 1352 282 1399 uua.
307 1351 379 1414 quot
393 1341 449 1397 iste
465 1335 762 1398 famulustradidtt
776 1355 863 1414 reges
879 1338 955 1398 neei.
1132 1353 1182 1402 435
1247 1383 1248 1404 2

197 1437 274 1483 ure.
299 1440 353 1483 our
369 1440 440 1499 ergo
456 1423 522 1498 regi
535 1423 628 1482 seruit
643 1430 672 1482 et
688 1423 797 1500 patitur
812 1421 931 1498 iugum?
1247 1421 1248 1436 ¹

197 1520 281 1568 mue.
311 1509 436 1584 imperia
451 1507 525 1567 dura
541 1506 620 1576 tolle,
637 1507 707 1584 quid
723 1507 847 1566 uirtus
863 1505 936 1568 erit?

154 1599 188 1656 m'
240 1603 329 1672 hue„
343 1589 427 1651 Obici
442 1591 512 1651 seris
527 1581 725 1670 monstrisque
740 1591 917 1651 uirtutem
934 1591 1038 1668 putas?

142 1727 143 1730 ,
196 1690 280 1737 Meu.
305 1677 424 1736 ulrtutis
440 1684 484 1736 est
499 1676 620 1737 domare
636 1694 711 1754 quae
726 1677 824 1736 cuuoti
840 1684 957 1752 pauent,

196 1775 272 1821 Luc.
297 1760 439 1820 tenebrae
453 1759 624 1840 loquentem
640 1777 745 1836 magna
761 1767 908 1820 tartareae
923 1767 1072 1837 premunt.
1129 1776 1179 1824 440

196 1859 280 1906 mue.
305 1863 365 1903 non
382 1845 475 1904 estad
492 1854 571 1905 astra
586 1844 682 1905 mollis
698 1864 714 1904 e
728 1846 817 1904 terris
833 1849 890 1905 uia.

162 2070 180 2102 n
240 2059 317 2107 Luc.
342 2044 418 2124 Quo
435 2055 539 2123 patre
555 2047 671 2122 genitus
687 2045 823 2108 caelitum
839 2052 938 2124 sperat
954 2047 1076 2107 domos?

167 2207 169 2210 ι
196 2143 304 2191 ΑΜΡΗ.
329 2131 497 2190 miseranda
514 2133 642 2192 coniunx
657 2131 793 2192 Herculis
811 2133 909 2208 magui
924 2131 987 2192 sile.

196 2223 295 2292 partes
311 2233 395 2275 meae
411 2215 621 2276 superaddere
636 2215 754 2276 Aloidae
770 2223 884 2293 patrem

196 2315 349 2377 genusque
364 2317 478 2360 uerum.
509 2308 592 2377 post
608 2308 651 2360 tot
666 2302 792 2378 ingentis
808 2302 866 2360 uiri

153 2397 156 2403 ‘
196 2384 387 2444 memoranda
404 2386 479 2444 faeta
494 2391 642 2462 postque
657 2392 795 2463 pacatum
811 2403 899 2445 manu

196 2469 404 2546 quodcumque
421 2469 507 2528 Titan
523 2475 605 2529 ortus
622 2477 650 2530 et
664 2469 768 2530 labens
784 2469 879 2530 uidet:

156 2551 182 2608 n'
237 2553 323 2613 Post
338 2561 470 2613 monstra
488 2559 529 2613 tot
543 2553 719 2630 perdomita,
736 2563 818 2631 post
833 2553 991 2631 Phlegram
1006 2555 1089 2632 inpio

195 2654 326 2715 sparsam
344 2655 451 2698 eruore
467 2646 614 2716 postque
630 2640 767 2700 defensos
784 2639 856 2700 deos

195 2790 398 2798 *ω’-...-

262 2891 312 2938 426
336 2890 459 2940 dabitV
493 2887 505 2956 Η
539 2893 590 2940 427
611 2907 731 2956 superna
749 2891 808 2952 lup
843 2903 943 2956 supera
961 2892 1058 2958 utem
1085 2890 1103 2982 Η

193 2959 243 3007 429
262 2962 431 3022 premeretur
451 2957 484 3007 E¹
514 2955 526 3024 Η
554 2961 605 3010 434
629 2964 791 3024 sceptroque
810 2957 931 3024 13¹qu
959 2967 1113 3028 seeptroq3

115 3060 121 3073 .
195 3023 259 3086 E²tp
289 3030 433 3089 seeptrone
452 3042 487 3076 eo:
504 3043 575 3082 ms.
593 3030 708 3090 reposuit
726 3029 828 3076 Delatus
858 3024 869 3094 Η
898 3029 989 3092 potior
1008 3034 1051 3078 est
1070 3029 1113 3082 fa-

194 3092 283 3141 mulus
302 3093 352 3141 tibi
370 3094 395 3142 Α
420 3094 486 3142 fam.
507 3099 549 3144 est
568 3101 623 3159 pot.
643 3101 661 3146 t.
681 3091 769 3161 EVU
796 3097 847 3146 435
866 3095 938 3159 quod
956 3095 991 3143 El
1021 3093 1032 3162 Η
1061 3099 1113 3148 437

194 3160 310 3222 quodie
329 3161 393 3224 quid
412 3175 480 3210 corr.
500 3161 535 3210 El
556 3158 567 3227 Η
597 3165 646 3212 439
665 3165 754 3212 uirtus
776 3165 823 3226 Vqr
846 3158 961 3227 uirtulls
984 3164 1007 3212 Τ
1027 3165 1114 3214 uirtu-

141 3245 145 3252 ·
192 3228 230 3275 tis
249 3229 288 3276 εΑ
313 3224 324 3293 Η
347 3229 719 3294 timentVBosit.mp.R13
739 3229 841 3280 'timent
859 3231 964 3294 pauent
982 3232 1044 3280 Jt11
1064 3248 1113 3294 pa-

192 3299 285 3346 uente
303 3312 384 3360 supra
403 3313 502 3346 uersum
519 3313 572 3346 ree.
589 3313 620 3348 m.
634 3299 695 3350 add.
709 3299 772 3348 Rae
795 3295 807 3364 Η
835 3301 885 3348 442
905 3303 1000 3362 sperat
1017 3299 1114 3350 EVre

167 3366 320 3422 penetrat
338 3365 363 3412 Α
398 3361 409 3429 Η
438 3366 489 3414 444
511 3381 590 3414 meae
609 3365 661 3415 hae
678 3371 741 3414 sunt
760 3367 784 3414 Α
808 3367 862 3416 hae
881 3366 991 3416 deestE
1020 3363 1031 3432 Η
1062 3371 1113 3420 448

193 3433 321 3515 ρὴὶεξειω
340 3447 364 3494 Ε
392 3443 403 3510 Η
432 3451 482 3498 449
501 3464 625 3513 sparsum
648 3451 694 3511 th
718 3445 729 3514 Η
