2502 3978
519 223 685 270 PHAEDRA

142 363 304 441 stringatur
319 362 413 421 ensis:
438 364 541 421 merita
557 361 701 440 supplicia
717 364 822 438 exigat.

143 465 179 508 en
195 447 366 523 inpudicum
383 446 465 505 crine
481 455 618 506 contorto
633 456 721 526 caput

142 532 226 593 laeua
242 531 361 592 reflexi:
385 532 488 591 iustior
503 549 663 610 numquam
680 531 753 592 iocis

141 617 227 677 datus
243 617 300 676 tuis
316 625 360 675 est
375 617 495 691 sanguis
510 618 701 695 arquitenens
717 617 780 676 dea.

107 711 124 759 h
187 713 242 761 ΡΗ.
266 699 423 779 Hippolyte
439 717 519 760 nunc
534 719 582 760 me
598 709 765 777 compotem
781 704 842 761 uoti
860 702 944 763 iacis:

141 804 227 845 sanas
243 787 403 846 furentem.
434 787 528 844 maius
543 785 600 845 hec
616 794 685 845 ucte
703 803 771 845 mec
787 796 830 846 est

141 869 224 931 saluo
240 878 273 930 ut
288 870 430 948 pudore
446 868 582 929 manibus
597 871 740 929 inmoriar
755 873 822 932 tuis.
1074 884 1123 932 720

139 967 234 1014 ΗΙΡΡ.
253 953 387 1014 abscede.
418 955 501 1013 uiue:
525 971 562 1014 ne
577 955 647 1033 quid
664 973 770 1016 exores
786 965 814 1015 et
831 956 877 1016 hic

141 1047 295 1100 contactus
311 1039 388 1098 ensis
404 1038 521 1098 deserat
536 1047 648 1098 castum
664 1039 749 1099 latus.

99 1125 131 1182 εἷ’
184 1125 257 1196 Quis
272 1121 349 1184 eluet
365 1141 412 1181 me
427 1121 551 1182 Tanais?
574 1131 623 1184 aut
639 1142 714 1201 quae
729 1123 863 1184 barbaris

140 1209 265 1268 maeotis
280 1208 367 1267 undis
384 1208 504 1285 pontico
519 1207 695 1268 incumbens
711 1209 803 1268 marii

141 1311 199 1353 nen
217 1295 280 1370 ipse
295 1300 357 1352 toto
373 1309 497 1370 magnus
513 1310 624 1352 oceano
640 1303 724 1371 pater
1074 1305 1122 1352 ‘tac

141 1385 256 1438 tantum
273 1377 398 1455 expiarit
413 1375 543 1442 sceleris.
574 1396 591 1436 ο
607 1377 699 1437 siluae
715 1396 732 1436 o
750 1378 838 1437 ierac.

105 1487 123 1535 g
183 1475 263 1522 uvr.
287 1462 435 1540 Deprensa
452 1459 537 1539 culpa
553 1467 606 1522 est.
634 1465 730 1522 anime
746 1461 815 1539 quid
828 1464 925 1539 segnis
937 1463 1055 1542 stupes?

140 1563 315 1623 regeramus
330 1547 385 1623 ipsi
400 1547 513 1605 crimen
529 1556 618 1622 atque
634 1545 710 1606 uitro
727 1547 844 1623 impiam

136 1649 281 1702 ‚uenerem
297 1648 464 1708 arguamne.
494 1630 640 1690 scelere
657 1631 815 1690 uelandum
831 1639 875 1693 est
891 1629 1027 1692 scelus.

139 1717 321 1777 tutissimum
339 1723 383 1775 est
397 1715 509 1776 inferre
526 1733 592 1775 cum
609 1715 714 1774 timeas
729 1715 863 1792 gradum.
1071 1729 1121 1778 730

139 1819 229 1861 ausae
245 1802 362 1879 priores
376 1801 469 1860 simus
484 1787 519 1862 in
537 1817 640 1878 passae
657 1799 738 1859 netas

138 1891 254 1946 secreta
271 1903 338 1945 cum
356 1886 393 1944 sit
409 1883 495 1962 culpa
511 1885 576 1962 quis
592 1885 673 1943 testis
689 1883 781 1964 sciet?

96 1969 126 2043 g'
182 1970 292 2030 Adeste
306 1968 437 2029 Athenae
460 1967 516 2028 fitia
532 1967 711 2028 iamuicrum
728 1987 832 2030 manus

137 2055 184 2114 ier
199 2073 302 2133 opem,
327 2053 444 2113 nefandi
459 2061 562 2131 raptor
578 2053 752 2134 Hippolytus
766 2057 862 2131 stupri

136 2139 227 2199 instat
241 2140 407 2216 premitque
423 2138 526 2197 mortis
540 2139 663 2198 intentat
680 2147 790 2202 metum

136 2223 220 2283 serre
235 2223 372 2302 pudicam
389 2229 491 2282 terret.
520 2239 556 2282 en
574 2240 716 2300 praeceps
731 2222 792 2283 abit

138 2324 302 2385 ensemque
318 2308 431 2384 trepida
448 2305 531 2386 liquit
546 2309 686 2367 attonitus
702 2307 779 2385 iuga.

137 2393 247 2471 pignus
262 2399 397 2452 tenemus
412 2391 576 2452 sceleris.
609 2392 684 2450 hanc
701 2399 842 2452 maestam
859 2393 941 2467 prius

138 2485 283 2537 recreate.

93 2559 124 2617 h‘
345 2560 440 2621 Crinis
456 2567 566 2620 tractus
583 2567 609 2619 et
625 2558 741 2620 iecerae
757 2577 859 2620 cumae

138 2651 173 2706 ut
188 2651 257 2705 sunt
272 2652 445 2706 remaneant
461 2645 600 2704 facinoris
617 2645 688 2703 tanti
705 2652 802 2704 notae.
1073 2656 1122 2703 740

137 2730 272 2809 perferte
288 2731 316 2789 in
333 2728 448 2789 urbem.
468 2763 503 2772 —
523 2731 623 2806 recipe
638 2731 695 2788 iam
713 2745 817 2788 sensus
832 2728 912 2790 hera.
1098 2735 1101 2740 '

138 2814 209 2892 quid
226 2823 255 2874 te
271 2815 333 2892 ipsa
349 2814 483 2873 lacerans
498 2817 629 2873 omnium
647 2813 803 2891 adspectus
818 2813 912 2892 iugis?

138 2915 225 2957 mens
241 2898 454 2974 inpudicam
472 2899 569 2958 iecere
585 2916 645 2957 neu
661 2917 746 2958 casus
761 2896 844 2957 sciet.

209 3135 258 3184 715
277 3138 305 3184 et
323 3133 348 3182 Ε
367 3149 401 3184 en
419 3135 443 3184 A
461 3131 472 3200 Η
489 3137 538 3185 718
556 3135 646 3184 facies
664 3134 689 3182 E
705 3129 716 3200 Η
734 3137 783 3184 720
801 3133 911 3184 scluout
927 3133 953 3183 Ε
973 3129 985 3200 Η
1006 3133 1054 3182 726

135 3218 152 3254 ο
173 3199 246 3252 silua
265 3201 394 3251 ceierae
413 3201 438 3250 Ε
449 3198 461 3268 Η
477 3203 525 3252 728
544 3204 621 3267 ipsae
641 3201 664 3251 A
683 3202 737 3266 ipsi
755 3209 794 3264 ψε
810 3197 822 3268 Η
839 3203 888 3252 ⁷28
907 3199 1055 3252 celandum

135 3271 169 3321 ci.
189 3269 255 3322 ΕΡ.
273 3265 284 3334 Η
309 3269 358 3319 735
376 3269 527 3319 intentans
546 3272 577 3319 ci.
597 3271 646 3319 θη.
665 3270 715 3320 Hs.
738 3265 750 3335 Η
774 3271 822 3318 73Ί
841 3267 977 3334 trepidam
995 3267 1021 3316 E
1041 3263 1053 3329 Η

135 3372 189 3422 '140
206 3377 287 3420 notes
305 3371 330 3420 A
354 3371 463 3432 netels'
485 3366 497 3436 Η
525 3373 572 3420 ⁷41
586 3373 690 3421 referte
708 3370 733 3418 A
755 3370 879 3434 perferte
898 3368 923 3417 Ε
948 3364 960 3434 Η
988 3343 1055 3419 hereos

136 3439 165 3500 (ο
177 3453 236 3491 scr.
257 3437 335 3504 2m.)
354 3435 402 3503 ΕΗ
415 3441 463 3490 742
482 3438 591 3488 laceras
609 3439 636 3486 Ε
654 3439 783 3488 lacerans
801 3433 851 3502 ΑΗ
867 3444 1010 3501 aspectum
1029 3438 1054 3486 A

135 3506 287 3571 adspectus
306 3505 331 3554 Ε
360 3502 371 3572 Η
