2516 3998
480 213 679 264 PRAEFATIO
927 215 1052 264 XXXVII

107 380 164 434 clas
185 392 273 432 amen.
298 377 401 449 scripte
420 392 452 432 ac
473 374 607 448 complete
628 390 679 448 per
698 389 794 430 manus
815 374 956 431 lobannis.
988 376 1052 432 Ten.

106 462 206 519 Norde.
221 461 254 516 de
269 460 452 517 lloetinchem.
470 458 566 516 Clerici
583 457 724 530 Traiecteij
740 459 806 515 dict
844 458 899 516 Sub
918 475 989 516 anno
1005 460 1053 517 do·

108 547 173 604 mini
188 563 226 603 u·
236 549 404 622 ococ⁰v111J
422 544 581 600 diedecima
596 560 668 600 nona
680 545 781 600 mensis
791 543 930 616 lanuariJ'.
953 545 1052 618 Tragg.

108 631 175 689 ordo
191 629 301 688 solitus.
330 630 497 703 Argumenta
512 629 629 703 singulis
645 636 735 702 tragg.
751 630 905 703 praemissi.
924 657 960 670 --
977 629 1055 685 Alter

108 709 174 790 (Τῖ)
191 731 263 772 saec.
279 730 321 772 xv
335 715 485 788 uergentis.
515 713 591 770 deest
606 713 654 770 iol.
672 713 699 770 1.
715 714 797 788 incip.
813 712 855 770 lll.
873 730 900 770 ιι.
919 713 958 771 66
981 712 1053 768 Ordo

108 801 219 876 paulum
241 802 391 856 inmutatus
418 797 537 873 (Edypus
558 797 677 873 ypolitus
700 796 813 869 trahas).
841 827 877 840 -
907 796 1054 873 Vtriusque

109 886 222 960 primam
238 883 356 941 fabulam
371 883 592 957 Wullenbergius
607 882 725 939 contulit
740 899 801 938 cum
816 883 859 940 ed.
876 883 1010 956 Thysiana
1027 890 1054 939 et

109 972 199 1028 uarias
214 969 348 1026 lectiones
363 967 465 1042 publici
484 969 553 1025 iuris
568 968 633 1025 lecit
648 968 674 1024 Z.
691 967 709 1022 i.
726 967 757 1023 G.
773 984 815 1026 xv
830 985 858 1042 p.
876 966 1053 1025 190-194.

109 1054 180 1111 nlius
195 1054 318 1110 eiusdem
333 1053 513 1110 bibliothecae
528 1052 597 1110 liber
611 1069 683 1109 saec.
698 1068 739 1110 xv
755 1052 825 1108 med.
840 1059 951 1125 praeter
965 1050 1055 1125 philo·

109 1139 222 1213 sophica
242 1155 325 1213 opera
341 1138 459 1196 Senecae
479 1146 638 1211 argumenta
660 1137 862 1209 tragoediarum
884 1143 996 1192 auctore
1011 1135 1056 1191 hl·

110 1224 219 1281 bertino
236 1223 342 1280 llusato
358 1225 488 1280 continet.

51 1345 74 1400 P
171 1338 419 1400 Pulauiensio
448 1359 469 1398 s.
499 1334 777 1400 Ver'souiensis
808 1340 921 1398 membr,
951 1340 1056 1396 formae

109 1434 232 1502 quartae.
263 1434 388 1484 exaratus
406 1426 532 1484 Patauiae
555 1444 578 1482 a.
601 1425 682 1482 1396
704 1425 829 1482 conlatus
851 1442 865 1480 a
887 1424 1055 1482 Groddecllo

110 1511 168 1567 Ser.
183 1512 302 1586 Principr
317 1511 507 1585 Crantorinshy
521 1509 703 1567 bibliothecae
719 1510 857 1584 praelecto
872 1517 969 1584 postea
984 1509 1054 1582 prol.

110 1594 232 1652 Vilnensi
249 1612 309 1652 cum
326 1594 367 1651 ed.
379 1594 459 1651 Gron.
475 1611 487 1651 1
504 1597 552 1668 qui
568 1596 658 1650 uarias
674 1597 702 1650 in
713 1595 789 1651 Herc.
806 1610 817 1649 1
832 1594 966 1654 lectiones
981 1593 1056 1650 lorus

110 1679 233 1736 deditio
255 1679 368 1736 llcereni
389 1677 540 1736 Bibliotheh
566 1679 614 1735 der
635 1678 708 1734 alten
728 1677 758 1735 L.
781 1695 807 1736 u.
830 1677 863 1732 K.
886 1678 983 1740 1793,
1007 1678 1057 1735 10.
1084 1673 1086 1680 ’

19 1821 24 1832 ,
108 1763 293 1821 Memorabilis
315 1771 357 1821 est
375 1762 556 1837 subscriptio:
576 1759 675 1818 *Lucii
695 1763 783 1818 Annei
804 1761 905 1817 Senece
927 1761 1057 1818 llercules

110 1849 231 1906 Oheteus
252 1849 374 1920 tragedla
400 1849 503 1904 decima
524 1847 605 1904 simul
626 1863 657 1908 ac
679 1855 753 1902 totus
775 1845 966 1920 Tragediarum
988 1844 1057 1902 liber

108 1933 153 1990 hic
169 1933 252 1989 finem
267 1933 349 1990 habet
364 1932 406 1989 dei
428 1931 476 2006 grai
491 1949 571 2006 quem
587 1933 683 2006 scripsi
704 1947 757 2005 ego
774 1931 907 2006 Georgius
923 1930 994 1987 filius
1009 1929 1057 1986 lirin

108 2017 186 2075 Pauli
201 2018 280 2092 Regii
303 2017 399 2073 militis
420 2017 453 2073 de
471 2016 596 2090 Georgiis
617 2017 651 2072 de
666 2017 745 2073 ladra
767 2023 794 2072 et
816 2016 951 2090 compleui
967 2016 1058 2072 Paduo

110 2103 153 2159 die
181 2118 237 2161 xva
263 2103 365 2159 mensis
388 2101 513 2159 Octobris
538 2103 603 2159 hora
626 2119 668 2158 xx
695 2101 838 2157 millesimo
867 2103 1056 2156 trecentesimo

109 2188 290 2262 nonagesimo
308 2195 384 2243 serto
406 2194 439 2242 et
453 2186 557 2244 habui
579 2186 792 2260 exemplaria
808 2203 823 2242 a
838 2183 990 2241 Venerabili
1005 2183 1058 2242 No·

110 2271 212 2328 bdibus
233 2276 260 2326 et
281 2269 449 2348 sapientibus
471 2273 540 2328 uiris
562 2267 622 2326 am's
642 2271 724 2327 Petro
746 2271 779 2326 de
798 2268 900 2327 Rabata
922 2269 1057 2327 Canonico

110 2357 237 2413 Paduano
260 2355 363 2412 Johane
384 2354 484 2411 llelline
511 2355 544 2410 de
565 2354 685 2412 Venetiis
705 2356 826 2411 Zanonio
847 2355 881 2410 de
902 2354 1057 2410 Callonibus

110 2442 142 2497 de
157 2441 293 2496 Vicenzla'.
316 2439 414 2514 quibus
430 2447 457 2496 et
473 2439 599 2496 omnibus
620 2442 649 2494 in
664 2439 718 2495 hoc
738 2439 809 2494 libro
833 2437 1006 2494 studentibus
1027 2454 1058 2493 ac

110 2526 192 2580 michi
216 2524 320 2580 Cristus
341 2522 519 2598 Omnipotens
545 2524 674 2597 dignetur
695 2522 814 2596 Spiritus
840 2521 915 2578 Sacri
942 2522 1057 2596 gratiam

109 2609 298 2666 habundanter
318 2609 413 2682 largiri
428 2609 472 2664 oui
488 2606 599 2663 sitlans
615 2617 643 2663 et
658 2625 680 2664 s.
698 2605 738 2681 p.'
762 2636 797 2648 -
820 2607 856 2662 lle
877 2605 1057 2663 bibliothecae

108 2693 280 2752 Pulauiensis
295 2692 359 2750 latis
376 2711 400 2751 ιι.
418 2693 565 2766 Serapeum
579 2708 613 2750 ιιι
628 2709 654 2765 p.
670 2691 710 2748 48
726 2709 801 2766 x1p.
819 2691 889 2749 333.

171 2813 315 2869 Praeterea
344 2811 376 2868 ad
406 2811 601 2868 restituendam
630 2811 771 2884 uolgarem
797 2812 985 2868 recensionem
1014 2811 1057 2866 usi

108 2914 202 2954 sumus

51 2997 94 3051 Aa
171 2993 350 3055 editione
370 2994 507 3054 aldina
528 3014 553 3054 a.
569 3013 681 3058 mnxvn
703 2995 737 3052 ab
758 2995 924 3069 hieronymo
938 2997 1057 3052 huantio

108 3090 209 3140 curata.
253 3081 305 3151 Qut
330 3082 456 3156 quoniam
479 3089 553 3139 tauta
575 3099 635 3138 cum
656 3080 797 3155 diligentia
820 3089 847 3137 et
868 3097 934 3136 sano
957 3080 1056 3136 iudicio

108 3167 217 3223 adiutus
239 3165 415 3240 conplurium
430 3167 553 3224 codicum
574 3183 639 3225 mss.
662 3165 762 3221 auxilio
778 3164 815 3237 (u.
832 3163 912 3237 inira)
935 3165 963 3219 in
980 3172 1054 3220 textu

110 3251 304 3308 constituendo
325 3259 452 3308 uersatus
474 3260 529 3313 est,
553 3259 584 3308 ut
598 3251 787 3307 recensionem
808 3248 930 3307 effecerit
951 3247 1058 3322 uolgari

109 3336 289 3399 simillimam,
312 3335 441 3392 editionis
462 3335 598 3392 aldinae
613 3336 819 3397 lectionem,
840 3334 887 3390 ubi
903 3348 964 3389 oum
980 3332 1058 3400 libris

108 3421 269 3493 uolgaribus
291 3421 336 3477 uel
352 3420 478 3476 omnibus
499 3419 544 3476 uel
559 3420 685 3494 pluribus
707 3418 752 3475 uel
767 3435 821 3476 uno
843 3425 871 3474 et
886 3417 973 3475 altero
989 3435 1055 3476 con·

106 3508 230 3568 sentiret,
247 3522 309 3580 pro
325 3505 481 3562 lectione
495 3504 638 3578 uolgata
655 3503 700 3575 (A)
716 3503 847 3566 dedimus,
863 3504 901 3559 ita
917 3511 1006 3560 tameo
1022 3513 1055 3560 ut
