2550 3978
583 183 705 229 MEDEA

186 321 295 382 munile
310 318 425 398 fulgens
440 321 579 400 quodque
595 338 778 398 geminarum
796 321 873 380 nitor

184 407 337 484 distinguit
354 423 459 465 aurum
477 423 534 483 quo
551 403 647 466 solent
661 405 739 482 cingi
757 423 868 465 cumae.

186 492 261 552 haee
277 498 378 550 nostra
396 491 455 550 nati
471 489 549 566 dona
564 489 688 550 nubenti
704 488 800 549 lerant

184 575 237 635 sed
254 582 321 636 ante
337 575 409 635 diris
425 573 504 635 inlita
521 593 555 634 ac
572 575 658 634 tincta
675 573 798 634 artibus.

185 663 311 720 uocetur
328 657 444 719 Hecate.
476 677 560 719 sacra
575 658 681 719 letifica
697 675 822 736 appara:

183 750 352 804 statuantur
369 762 437 804 arae
452 743 571 805 flamma
588 745 644 804 iarn
661 745 746 804 tectis
763 751 858 803 sonet,

569 1075 716 1124 GHORVS.

311 1265 396 1328 Nulla
413 1267 459 1326 uis
474 1266 611 1326 flammae
625 1266 769 1326 tumidiue
785 1266 867 1326 uenti

268 1357 348 1411 tanta
365 1369 420 1411 nee
434 1350 485 1412 teli
500 1351 660 1412 metuenda
676 1353 747 1410 torti

270 1443 378 1514 quanta
394 1453 462 1495 cum
479 1436 606 1494 coniunx
623 1435 741 1495 uiduata
756 1434 851 1494 taedis

678 1520 761 1579 ardet
777 1526 807 1579 et
822 1518 891 1578 odit.

314 1635 390 1696 Nou
405 1635 468 1695 ubi
482 1634 625 1696 hibernos
640 1634 801 1696 nebulosus
817 1635 927 1696 imbres

270 1728 370 1780 auster
386 1720 505 1780 aduexit
519 1727 722 1798 properatque
736 1726 855 1780 torrens

270 1805 362 1865 hister
378 1812 408 1864 et
422 1806 538 1864 iunctus
554 1812 633 1880 uetat
649 1822 714 1865 esse
728 1813 835 1882 pontes

678 1906 712 1947 ae
729 1907 822 1966 uagus
839 1896 927 1949 errat.

314 2007 390 2068 Non
405 2006 467 2067 ubi
481 2006 595 2085 inpellit
611 2006 770 2068 Rhodanus
785 2006 981 2086 profundum,
1121 2011 1171 2060 590

270 2101 320 2153 aut
336 2092 386 2152 ubi
401 2094 431 2152 iu
447 2093 528 2152 riuos
544 2091 661 2152 niuibus
677 2089 779 2152 solutis

268 2175 331 2238 sele
347 2179 406 2237 iam
422 2177 494 2238 lorti
509 2176 667 2255 medioque
682 2194 754 2235 uere

675 2260 769 2320 tabuit
784 2260 923 2323 Haemus,

314 2378 425 2440 Caecus
441 2386 485 2439 est
499 2380 577 2453 ignis
593 2378 758 2439 stimulatus
775 2380 817 2440 ira

269 2481 326 2523 nec
341 2465 405 2541 regi
421 2470 505 2522 curat
519 2463 668 2539 patiturue
683 2463 801 2531 irenes,

269 2542 342 2607 baut
355 2549 439 2607 timet
454 2555 597 2608 mortem:
620 2549 700 2625 eupit
714 2549 759 2607 ire
774 2549 805 2607 in
821 2549 901 2626 ipsos

282 2629 284 2633 ’
679 2631 786 2693 obuius
802 2649 897 2693 enses.

313 2749 428 2810 Parcite
445 2767 462 2808 o
479 2747 549 2808 diui.
580 2751 697 2810 ueniant
714 2768 873 2828 precamur

273 2834 354 2893 uiuat
369 2842 401 2893 ut
417 2841 496 2894 tutus
512 2851 594 2894 mare
610 2836 660 2913 qul
676 2834 801 2912 subegit.

271 2917 322 2978 sed
339 2916 410 2978 iurit
425 2919 504 2978 uinci
520 2918 656 2979 dominus
671 2919 811 2997 profundi

675 3020 767 3081 regna
783 3003 920 3064 secunda.

253 3256 303 3306 5⁷6
322 3256 438 3322 quique
457 3259 488 3306 ei.
509 3257 587 3309 Gron.
610 3252 623 3322 [Ι
646 3259 695 3308 580
713 3256 836 3306 luctifica
855 3257 879 3305 A
903 3254 1025 3306 loetifiea
1043 3253 1068 3303 E
1088 3255 1101 3318 ll

185 3323 235 3372 581
254 3328 396 3374 struantur
414 3325 439 3373 A
469 3329 628 3374 statuantur
645 3325 670 3374 E
693 3320 705 3390 ll
728 3325 776 3374 582
795 3323 948 3387 tumidique
966 3325 992 3373 Α
1022 3323 1103 3371 tum'i-

185 3389 317 3522 &daupjan
326 3394 380 3508 ppt
393 3392 493 3525 paetlis
512 3389 561 3458 ΕΙΙ
577 3395 627 3443 690
645 3392 727 3456 pellit
743 3393 769 3441 E
787 3387 905 3455 impellit
923 3387 972 3457 ΑΙ]
988 3393 1037 3442 699
1056 3390 1104 3456 qui
