2440 3966
415 153 597 201 Hnnovuns
616 137 805 220 [cursura]
1007 133 1071 197 413

306 293 394 355 undis
409 291 555 352 stantibus
570 292 716 351 inmemor
1091 296 1157 346 1080

308 379 435 439 excussit
449 377 583 436 rabidam
600 377 677 436 sitirn

308 481 363 524 nec
379 463 474 541 pontis
490 460 610 522 adhibet
625 477 739 520 manus.

351 598 398 658 Sic
415 616 480 658 curn
496 594 644 674 linqueret
658 594 771 656 inferos

308 681 444 760 Orpheus
459 683 589 742 carmina
605 687 790 756 temperans,

211 791 212 796 ¹
309 774 500 845 consumptos
515 769 622 826 iteruin
639 765 711 826 deae

307 851 445 930 supplent
461 851 668 929 Eurydices
685 849 776 910 colus.

355 987 413 1047 Sed
429 986 637 1063 dum-respicit
652 985 799 1044 inmernor

308 1089 364 1131 nec
381 1072 506 1133 credens
522 1070 579 1131 sibi
594 1069 741 1130 redditam

308 1156 477 1234 Orpheus
492 1155 705 1233 Eurydicen
721 1155 819 1230 sequi,

309 1248 413 1301 cantus
429 1242 560 1320 praemia
577 1240 718 1318 perdidit,

354 1375 455 1446 Quae
470 1383 556 1434 nata
574 1380 631 1434 est
645 1376 766 1445 iterum,
782 1374 870 1454 perit.

308 1466 380 1518 tunc
395 1458 537 1518 solamina
555 1457 689 1517 cantibus

310 1559 455 1620 quaerens
470 1541 618 1601 ssehilibus
633 1542 728 1600 modis

310 1626 384 1686 haec
401 1625 578 1704 Orpheus
594 1625 701 1684 cecinit
716 1623 813 1685 Getis:

353 1761 447 1838 Leges
463 1761 492 1820 in
509 1777 634 1837 superos
650 1758 733 1818 datas

311 1852 339 1904 et
355 1847 403 1922 qui
419 1851 555 1923 tempora
571 1844 708 1921 digerens

310 1937 428 2008 quattor
444 1929 613 2008 praecipitis
629 1920 702 1988 deus

310 2016 377 2074 anni
394 2013 537 2090 disposuit
553 2013 651 2073 uices:

283 2315 286 2320 ’
308 2317 381 2377 nulli
396 2337 455 2376 nou
471 2318 548 2376 auidi
565 2316 647 2376 colus

309 2403 417 2462 Parcas
433 2403 557 2461 stamina
572 2408 702 2474 nectere.

226 2556 291 2606 1081
310 2554 440 2604 Excessit
458 2553 484 2603 E
510 2554 641 2603 Excussit
659 2554 685 2603 A
711 2552 847 2602 Exclusit
865 2553 941 2603 NHa.
965 2549 977 2620 ll
1000 2553 1074 2604 rabi·

156 2624 221 2674 dam
239 2623 299 2672 EA
323 2621 449 2685 rapidam
466 2628 489 2683 ψ
507 2617 519 2686 ΙΙ
537 2622 602 2672 1083
622 2620 668 2670 Sic
687 2637 749 2671 eum
766 2621 908 2686 inquirens
926 2622 1032 2672 inferos
1049 2622 1075 2670 E

156 2690 213 2742 Sed
229 2705 290 2740 cum
307 2690 446 2752 linqueret
463 2688 569 2739 inferos
587 2689 612 2738 A
632 2689 717 2750 Quin
736 2705 796 2739 eum
816 2689 891 2739 NHs.
904 2685 917 2756 l}
929 2690 995 2740 1084
1013 2691 1075 2739 fun-

156 2759 237 2819 deret
255 2757 279 2805 E
301 2756 419 2806 lundens
437 2756 462 2804 A
491 2756 658 2805 funditans
679 2757 755 2807 Grau.
782 2757 926 2808 diuidens
944 2756 1076 2808 Bentleius

158 2826 284 2875 carmina
307 2829 506 2888 temperans
528 2826 623 2888 repetii
644 2839 679 2874 ear
696 2824 785 2875 Boetii
801 2829 817 2876 l.
830 2825 885 2874 III
901 2841 923 2874 c.
937 2828 984 2884 12,
998 2828 1041 2874 21.
1061 2825 1074 2889 ΙΙ

158 2894 225 2944 1087
244 2892 428 2956 consumptos
446 2891 472 2940 Ε
490 2889 673 2956 consumptas
686 2894 711 2943 A
724 2889 735 2960 Η
749 2894 814 2945 1089
833 2892 887 2942 Sed
906 2892 946 2943 εΑ
965 2891 1003 2940 Et
1018 2893 1042 2941 R
1061 2893 1074 2956 Η

157 2963 226 3024 1090
247 2960 306 3010 Nec
326 2959 366 3010 εΑ
396 2959 498 3009 NonR
520 2955 531 3024 ll
557 2962 622 3009 1093
645 2960 769 3021 Quonam
790 2964 832 3009 est
854 2959 880 3008 E
910 2959 989 3020 Quae
1007 2963 1077 3010 nata

156 3032 202 3079 est
220 3029 244 3078 A
258 3024 270 3094 ΙΙ
283 3029 349 3078 1094
367 3026 445 3076 Tune
464 3043 485 3076 ω
503 3026 577 3076 Tum
594 3027 644 3077 Bo.
658 3024 670 3093 ll
683 3029 748 3078 1096
766 3029 831 3078 Has
855 3027 934 3077 With.
947 3022 959 3093 Η
977 3028 1076 3077 1098-

156 3099 225 3147 1100
245 3093 294 3158 (Ε1
307 3095 353 3160 qui
366 3121 398 3128 -—
410 3093 499 3159 uices)
519 3095 668 3160 Rutpersius
685 3097 891 3160 transponendus
909 3097 1007 3144 cenauit
1015 3101 1077 3158 port

154 3182 181 3213 n.
197 3166 263 3214 1113
280 3164 406 3228 probante
425 3168 449 3212 et
470 3163 547 3213 Gron.
572 3171 597 3213 et
621 3164 700 3216 With.
720 3172 746 3213 et
765 3164 810 3214 GR
833 3159 845 3229 ΙΙ
869 3165 935 3214 1098
953 3164 1000 3211 Ex
1019 3177 1076 3227 quo

153 3231 207 3282 Bo.
221 3227 233 3294 ΙΙ
245 3231 349 3296 digerit
365 3230 391 3280 E
409 3230 537 3295 digerens
555 3231 580 3279 A
598 3227 609 3296 ΙΙ
626 3233 691 3281 1099
711 3233 848 3293 Quattuor
866 3231 890 3280 Ε
909 3231 1034 3292 Quattuor
1050 3232 1076 3281 Α

156 3298 281 3350 Certus
305 3293 409 3365 Witlt.'ll
421 3299 589 3362 praecipites
607 3298 633 3347 Ε
651 3299 815 3364 praecipitis
833 3295 954 3364 Allante
972 3315 995 3348 u.
1011 3299 1076 3349 1101

155 3367 208 3416 dno
230 3369 350 3418 uersiculi
373 3368 558 3416 interciderunt
588 3361 599 3432 Η
635 3368 700 3415 1101
725 3366 801 3416 auidi
824 3365 900 3416 colus
922 3366 948 3416 E
978 3367 1076 3417 auidas

157 3433 220 3484 colo
239 3436 263 3485 A
284 3435 381 3485 auidas
399 3434 462 3498 polo
481 3430 607 3500 0111102
626 3434 730 3484 Parcet
747 3435 773 3484 Ε
790 3435 896 3485 Parcas
914 3435 939 3483 A
964 3430 976 3500 ΙΙ
