2550 3978
164 188 227 256 278
443 205 474 251 u.
499 204 632 252 anunm
655 205 812 255 sunnone

165 349 262 417 uiual,
279 363 333 424 per
349 344 439 406 urbes
456 352 536 405 erret
551 345 668 422 ignotas
685 363 775 424 egens

166 431 233 492 exul
249 447 362 510 pauens
378 431 491 491 inuisus
506 430 613 490 incerti
629 429 712 501 laris,

166 535 213 576 me
229 518 385 594 coniugem
402 521 499 593 optet,
515 513 605 575 limen
623 515 751 578 alienum
769 527 885 597 expetat

164 605 221 661 iam
238 608 325 662 notus
341 602 465 678 hospes,
483 617 603 678 quoque
619 619 678 660 non
695 601 772 663 aliud
789 623 895 682 queam

164 688 249 764 peius
265 687 397 766 precari,
415 684 525 746 liberos
541 685 653 746 similes
669 689 744 764 patri

164 771 333 850 similesque
349 772 444 831 matri.
477 778 560 848 paria
578 771 635 830 iarn
651 780 734 848 parta
752 771 824 833 ultio
841 783 900 835 est:

164 857 278 934 peperi.
309 853 445 934 querelas
461 856 615 930 uerbaque
632 858 779 916 incassum
796 876 873 919 sero.
894 893 928 902 -

129 942 155 999 b'
207 941 271 1002 Non
288 940 337 1000 ibo
352 943 381 999 in
399 940 515 1000 hostes?
538 941 674 1001 manibus
685 943 836 1002 excutiam
853 943 931 1004 iaces

130 1095 141 1114 ἱ
164 1024 305 1103 caeloque
320 1024 436 1086 lucem?
461 1033 574 1101 special
588 1027 647 1086 hoc
662 1028 757 1087 nostri
772 1034 852 1088 sator

164 1110 214 1171 Sol
230 1111 348 1188 generis
364 1118 394 1171 et
408 1117 558 1188 speciatur
576 1120 606 1171 et
621 1130 712 1173 curru
727 1111 858 1174 insidens

165 1214 218 1273 per
234 1194 317 1254 solila
334 1196 402 1275 puri
418 1195 509 1274 spatia
527 1195 661 1256 decurrit
676 1196 753 1278 poli?

163 1297 224 1340 non
240 1279 318 1340 redit
332 1283 362 1339 in
378 1288 461 1340 ortus
477 1291 506 1342 et
520 1284 676 1342 remetitur
692 1282 787 1342 diem?

163 1365 198 1424 da
215 1363 252 1423 da
268 1382 322 1441 per
337 1383 424 1424 auras
440 1365 578 1426 curribus
594 1367 699 1445 patriis
715 1367 793 1428 uehi.

163 1453 305 1510 conmitle
322 1450 454 1511 habenas
471 1452 587 1526 genitor
606 1459 635 1512 ct
649 1451 843 1530 flagrantibus

163 1533 287 1612 ignifera
302 1532 374 1596 loris
388 1535 487 1594 tribue
503 1534 652 1597 moderari
669 1539 745 1614 iuga.

164 1618 297 1699 [qemiua
313 1623 470 1681 Corinthos
485 1622 570 1684 litori
585 1638 741 1698 opponens
756 1639 859 1683 moras

162 1711 297 1766 cremara
310 1710 440 1782 flammis
456 1709 556 1768 maria
573 1706 839 1787 submarcidum]

129 1813 145 1844 a
205 1790 269 1849 Hoc
284 1798 375 1851 restat
390 1808 498 1862 unum,
515 1791 683 1868 pronubam
700 1791 828 1851 thalamo
845 1792 937 1852 ieram

163 1882 195 1933 ut
209 1875 270 1952 ipsa
287 1876 389 1954 pinum
406 1883 533 1956 postque
549 1877 696 1937 sacrificas
712 1894 818 1954 preces

163 1958 284 2018 caedam
301 1959 402 2020 dicatis
417 1963 555 2022 uictimas
571 1961 722 2022 altaribus.

163 2061 216 2120 per
231 2045 350 2106 uiscera
368 2046 431 2122 ipsa
448 2064 558 2122 quaere
573 2045 717 2124 supplicio
735 2047 822 2107 uiam.

163 2129 188 2188 si
203 2129 279 2187 uiuis
296 2133 393 2190 anime
409 2131 434 2190 si
450 2131 647 2210 quid'anliqui
664 2130 716 2190 ubi

163 2221 298 2274 remanet
314 2216 442 2293 uigoriS,
461 2216 536 2294 pelle
553 2217 696 2278 femineos
713 2222 818 2275 melus.
899 2241 902 2246 ·

166 2296 210 2377 [et
222 2301 434 2378 inhospitalem
452 2305 621 2364 Caucasum
636 2308 733 2361 mente
748 2298 853 2380 indue]

130 2381 154 2439 a'
207 2382 421 2465 Quodcumque
436 2385 510 2447 uidit
525 2389 637 2448 Pontus
653 2393 703 2446 aul
718 2384 820 2445 Phasis
836 2383 934 2453 helas,

163 2459 275 2528 uidebit
290 2470 426 2546 lsthmos.
458 2471 548 2532 allera
563 2474 664 2549 ignota
680 2469 803 2530 horrida

163 2555 317 2614 tremenda
334 2557 415 2616 caelo
431 2558 542 2635 pariter
558 2575 592 2617 ac
608 2557 696 2616 terris
711 2553 787 2614 mala

230 2861 263 2909 20
286 2833 403 2910 arrisu
429 2861 456 2924 (a
475 2876 545 2926 sups.
564 2863 580 2909 2
599 2859 643 2923 m.)
676 2862 748 2910 erret
766 2859 792 2908 A
821 2854 825 2923 l
862 2861 895 2908 25
915 2857 1051 2923 pariatE
1070 2844 1083 2919 ll

162 2924 231 2977 uitio
253 2923 298 2993 ΕΙΙ
311 2930 343 2978 29
363 2934 503 2994 spectator
522 2929 547 2979 A
567 2931 709 2993 spectatur
726 2927 812 2976 ΕΕῗε
836 2921 840 2992 l
863 2941 956 2976 currus
976 2925 999 2974 Ε
1021 2922 1032 2992 Ι]
1053 2928 1086 2976 30

160 2996 242 3043 curui
265 2996 305 3045 ΛΕ
334 2993 345 3063 Η
375 2999 406 3048 31
430 3013 504 3047 nune
527 2997 567 3046 ΛΕ
597 3010 660 3044 num
680 2995 705 3044 Α
734 3010 789 3046 non
812 3003 851 3059 ψε
879 2990 891 3060 Η
920 2989 1086 3056 reslmetitur

161 3057 193 3124 (d
211 3061 292 3126 eras.)
311 3065 336 3113 E
348 3061 360 3130 Η
372 3067 404 3114 32
423 3065 512 3130 patris
530 3064 555 3114 A
575 3063 673 3128 patriis
692 3065 724 3114 ci.
743 3065 818 3126 Lips.
839 3058 876 3128 εΗ
894 3064 926 3113 35
944 3062 977 3111 36
995 3076 1085 3111 uersus

160 3129 210 3179 lanc
234 3133 288 3182 loco
313 3134 415 3197 ineptos
437 3134 507 3183 uncis
530 3135 629 3182 inclusi.
653 3133 737 3181 nescio
761 3147 794 3180 aa
818 3131 932 3195 ponendi
953 3131 1005 3178 sint
1024 3135 1084 3193 post

162 3213 187 3245 u.
209 3200 266 3248 14⁷.
302 3200 337 3264 cf.
362 3199 434 3250 Ouid.
459 3207 515 3253 mei.
546 3199 613 3249 VII.
639 3202 704 3250 395:
733 3199 953 3264 flagrantemque
976 3197 1085 3247 domum

164 3267 238 3331 regis
256 3283 332 3317 mare
350 3267 429 3319 uidet
446 3273 599 3331 uirumque.
613 3263 624 3333 Η
637 3266 792 3316 committat
805 3269 851 3317 «Αε
871 3265 1034 3317 committet
1052 3266 1084 3316 ci.

164 3367 238 3429 Lips.
262 3365 274 3433 ΙΙ
297 3371 330 3420 37
348 3371 500 3434 pronubam
518 3371 568 3432 Εψ
587 3370 739 3435 pronubam
759 3369 783 3418 A
807 3363 819 3434 Η
842 3370 875 3418 43
895 3343 1041 3417 οευὲεεωη
1059 3365 1085 3415 Ε

165 3433 192 3492 (c
210 3449 292 3498 opser.
312 3454 343 3490 m.
364 3436 393 3502 3)
417 3455 518 3489 uersum
540 3440 631 3489 deleui.
656 3435 667 3504 ll
691 3440 724 3488 44
747 3437 844 3504 phasis
869 3440 917 3485 aut
938 3439 1039 3500 pontus
1059 3435 1084 3484 A

163 3503 262 3561 pontus
282 3519 306 3552 a.
327 3505 372 3568 ph.
394 3505 417 3553 Ε
442 3503 454 3572 ΙΙ
594 3516 598 3524 ’
