2516 3998
183 185 232 234 XL
560 183 759 232 PRAEFATIO
779 231 780 234 ,

182 350 258 403 11110
274 344 441 401 conceditur.
471 343 549 414 Quod
565 343 716 416 pleniorem
732 343 814 398 huius
830 341 903 406 libri,
919 342 967 416 qui
983 359 1038 398 uon
1054 345 1135 417 parui

184 430 295 485 uidetur
322 444 382 484 esse
408 429 506 502 pretii,
536 429 661 484 notitiam
686 426 807 492 nancisci
828 426 908 484 nobis
934 444 989 484 non
1015 428 1137 502 contigit

184 513 263 570 ualde
280 513 412 570 dolemus.

248 631 342 688 Restat
363 639 394 687 ut
415 631 448 686 de
468 629 628 703 uolgaribus
649 629 727 686 libris
749 629 781 686 ab
803 629 842 686 eis
858 628 985 686 adhibitis
1002 629 1048 704 qai
1070 639 1137 686 ante
1162 698 1165 704 Ι
1243 617 1244 638 ³

183 733 235 772 nos
250 717 299 772 bas
317 715 471 788 tragoedias
487 715 630 771 ediderunt
644 715 765 771 breviter
780 731 956 788 exponamus.
1131 723 1133 732 ’

247 813 401 876 alberti
420 813 516 890 Eybi
537 814 570 888 (†
586 815 679 888 1475)
700 824 824 890 excerpta
847 833 916 890 quae
939 818 966 871 in
988 817 1137 890 Margarita
1244 794 1245 822 i

183 904 291 976 poetica
312 901 442 974 leguntur
463 901 533 956 unde
555 901 653 957 hausta
675 901 731 956 sint
752 917 807 956 nou
823 909 939 957 constat.
976 901 1021 956 Vsi
1038 918 1136 957 snmus

184 985 366 1043 bibliothecae
381 985 583 1058 Rebdigcranae
601 984 748 1058 exemplari
764 983 866 1041 formae
881 987 1012 1042 maximae
1028 1003 1050 1040 s.
1066 1002 1090 1042 a.
1107 993 1135 1040 et
1245 993 1246 1044 ἒ

185 1071 202 1127 l.
226 1070 296 1144 (ioli.
312 1068 370 1128 231
389 1086 444 1127 uon
459 1085 565 1125 numer.
582 1069 681 1144 quibus
696 1069 846 1143 praemissa
863 1076 905 1125 est
922 1069 1013 1125 tabula
1028 1086 1076 1127 xrr
1092 1069 1135 1125 io·
1245 1067 1246 1070 ’

184 1155 221 1211 lia
241 1154 382 1229 conplexa.
418 1154 448 1210 ln
470 1170 502 1211 eo
519 1153 637 1210 Senecae
659 1161 785 1228 excerpta
807 1156 984 1210 continentur
1006 1152 1053 1209 iol.
1071 1152 1132 1210 201

185 1239 238 1295 col.
257 1241 273 1295 1
291 1239 324 1296 ad
339 1239 387 1296 iol.
404 1238 466 1297 204
482 1238 533 1296 col.
551 1237 589 1311 1).

248 1346 488 1422 Peleeotypa
521 1344 765 1406 ferrariense
800 1346 1043 1423 lugdunense
1071 1361 1137 1405 ue·

183 1432 275 1492 neta
289 1428 502 1491 florentini
519 1432 619 1505 quibus
635 1449 650 1489 e
665 1432 741 1488 libris
756 1431 883 1488 linxerint
897 1449 952 1488 non
968 1435 1055 1505 magis
1071 1449 1135 1488 con·

185 1524 250 1574 stat.
301 1516 546 1574 Conmemorantnr
570 1516 779 1573 bernardini
809 1532 844 1571 m.
871 1535 893 1576 s.
923 1524 951 1574 et
976 1516 1136 1572 Danielis
1247 1521 1248 1528 ’

184 1602 403 1658 vetustissimum
419 1601 557 1683 esemplar
570 1601 603 1660 ad
618 1602 736 1676 primum
752 1600 830 1658 Herc.
845 1618 858 1659 1
873 1601 995 1660 chorum.

251 1711 366 1768 Codex
392 1711 573 1768 Parisinus
600 1709 698 1769 8035
723 1711 864 1767 Pierrotio
891 1719 1003 1768 auctore
1030 1717 1077 1766 aut
1103 1727 1136 1766 er

187 1795 242 1855 ed.
266 1792 296 1854 (1.
318 1792 517 1855 Fornandi
539 1805 663 1852 exaratus
689 1803 737 1851 aut
757 1811 861 1852 summa
887 1811 952 1852 cura
973 1796 1137 1869 conpositus

186 1881 220 1938 ad
242 1882 319 1937 cuins
340 1880 478 1955 exemplar
499 1880 582 1936 editio
597 1880 731 1935 llernandi
747 1879 974 1936 conformaretur.
1002 1879 1136 1935 Praemit-

188 1973 284 2022 tuntur
298 1966 327 2020 in
345 1971 465 2037 utroque
480 1963 551 2020 libro
567 1972 727 2038 argumenta
743 1963 776 2020 ab
791 1964 957 2039 Hieronymo
973 1963 1055 2020 balbo
1071 1981 1138 2020 con·

185 2047 258 2105 licta.
303 2047 400 2116 Quode
421 2041 580 2105 berdandus
606 2050 634 2104 in
656 2049 743 2123 elegia
771 2050 798 2104 in
821 2049 893 2105 calce
917 2049 1044 2105 editionis
1071 2048 1138 2104 snb·
1249 2065 1250 2094 ὲ

189 2134 276 2188 iecta:
298 2132 340 2204 Te
350 2131 425 2197 Balbi
440 2135 596 2190 meminisse
611 2134 689 2190 decet
705 2136 751 2206 qni
767 2133 889 2191 codice
904 2133 1013 2190 multo
1029 2132 1138 2189 Collato

189 2216 259 2272 hacc
278 2216 377 2272 tribuit
398 2233 510 2273 munera
531 2226 605 2274 tanta
627 2217 676 2274 tibi
702 2216 749 2289 (ci.
770 2216 834 2275 bibl.
855 2216 1035 2292 lugdunensis
1056 2217 1136 2273 catal.

187 2319 216 2356 n.
227 2300 309 2359 1716
325 2316 352 2356 u.
362 2300 400 2356 37
403 2300 421 2357 5
432 2295 501 2377 [99]
518 2301 577 2358 cod.
589 2301 700 2358 membr.
717 2318 777 2358 oum
790 2301 952 2375 quibusdam
966 2301 1079 2358 scholiis
1094 2317 1137 2356 re·

189 2384 316 2441 centibus
332 2393 360 2440 et
374 2385 501 2442 uersibus
512 2385 586 2445 llier.
596 2385 670 2442 balbi
687 2386 821 2460 inprimis
838 2394 865 2442 et
877 2388 1025 2460 postremis
1040 2385 1138 2456 loliis).

249 2491 509 2572 Hieronymus
529 2492 716 2554 Auentini
738 2504 830 2552 uetera
847 2493 1011 2569 exemplaria
1026 2511 1055 2550 se
1071 2510 1138 2551 con·

118 2603 121 2608 ·
190 2579 288 2636 tulisse
309 2579 402 2652 prodit
422 2589 450 2636 et
470 2582 497 2635 in
512 2579 598 2653 praei.
615 2581 656 2636 ed.
671 2578 731 2636 Ald.
747 2599 771 2636 a.
786 2597 900 2637 unxvn
921 2582 996 2636 etin
1018 2580 1135 2653 epistola
1223 2647 1227 2652 Ι

189 2663 237 2719 illu
258 2661 289 2717 ad
304 2663 346 2718 lo.
363 2663 499 2720 llatheum
515 2663 655 2721 (libertum
677 2681 757 2739 quarn
775 2663 804 2720 L.
820 2663 982 2720 Schwabius
1003 2681 1035 2719 ex
1056 2659 1089 2720 Α.
1105 2666 1137 2721 Α.

189 2747 344 2802 Renouardi
369 2747 438 2803 libro
465 2745 594 2805 ‘annales
620 2749 652 2804 de
678 2746 865 2822 l'imprimerie
891 2749 937 2804 des
958 2746 1040 2804 Aldes
1060 2748 1139 2804 Paris

191 2829 292 2888 1834’
318 2847 345 2904 p.
361 2829 423 2888 496
450 2831 596 2905 descripsit
621 2835 648 2888 iu
670 2833 806 2905 Plrilologi
833 2832 889 2889 uol.
909 2849 1004 2890 xxrur
1028 2851 1056 2906 p.
1073 2832 1134 2890 351

192 2915 263 2970 urrde
279 2914 409 2971 docemur
424 2916 486 2972 illos
502 2915 588 2972 libros
605 2913 822 2974 Veronenses
838 2917 932 2974 luisse.

250 3009 773 3076 Henricusl’etriin'adornanda
790 3017 1138 3076 ed.ssasiliensi1529

187 3100 260 3156 libro
283 3115 318 3154 m.
336 3118 358 3156 s.
381 3117 447 3156 usus
468 3111 511 3158 est
527 3104 605 3160 cuius
625 3104 732 3178 aliquot
746 3103 879 3160 lectiones
900 3103 928 3158 in
953 3103 1076 3175 margine
1097 3102 1138 3158 le·

187 3193 299 3258 guntur.
919 3186 925 3196 '

251 3291 442 3369 Georgius
456 3292 665 3354 Fabricius
681 3296 880 3354 Chemnicensis
896 3295 989 3368 (editio
1001 3298 1059 3354 eius
1072 3313 1139 3370 pro·

190 3377 240 3432 diit
256 3377 337 3436 1566
352 3380 486 3452 praelatio
503 3397 517 3436 e
533 3380 597 3438 ludo
614 3381 716 3438 illustri
728 3382 831 3438 bliseno
847 3381 917 3455 prid.
930 3381 984 3438 Cal.
996 3381 1138 3454 Septemb.

189 3458 282 3530 1565)
300 3477 366 3518 usus
382 3472 424 3519 est
445 3465 566 3522 codiee
581 3466 878 3539 liegiomontano‚
904 3474 936 3521 nt
951 3468 1010 3539 ipse
1025 3466 1091 3522 dicit
1108 3465 1138 3520 in
