2526 3986
537 181 715 230 THYESTES

180 331 209 386 at
223 323 273 384 ille
288 322 377 383 libras
393 330 497 384 tractat
513 341 547 382 ae
562 322 620 382 lata
636 323 754 400 inspicit
859 363 868 382 .

181 417 209 471 et
225 409 321 469 adhuc
338 405 467 468 calentes
482 409 633 468 niseernm
646 424 740 468 nenas
757 413 846 468 notet.

144 503 163 553 h
222 494 381 572 Postquam
397 493 510 554 hostiae
525 491 678 572 plaanere:
694 510 817 554 securus
832 502 918 555 uacat

182 581 237 639 iam
255 579 356 639 lratris
373 577 476 658 epulis
506 579 568 657 ipse
584 578 710 638 diuisam
727 586 807 638 secat

179 666 208 724 in
224 658 359 724 membra
376 681 501 742 eorpus:
523 669 654 742 ampulat
669 669 775 722 tranen
790 673 877 724 tenus

181 765 304 808 umeros
319 755 454 826 patentes
470 757 499 807 et
515 746 694 808 lacertorum
710 764 818 812 maras,

180 833 311 895 denudat
326 839 407 894 artus
424 833 517 893 durus
532 840 621 910 atque
638 851 703 892 ossa
720 839 861 910 amputat,

181 925 295 979 tantum
313 936 364 977 ora
380 925 480 979 seruat
495 925 523 978 et
538 918 621 978 datas
636 917 703 978 fidei
720 936 833 978 manus,

140 997 167 1055 h'
222 1003 302 1063 Haec
316 1002 438 1063 nerihns
454 1003 579 1064 haerent
594 1004 707 1063 uiscera
724 1012 753 1062 et
769 1001 855 1062 lentis
871 1004 936 1064 data
1114 1019 1164 1069 766

179 1087 289 1148 stillant
304 1088 440 1158 caminiS,
463 1087 512 1148 illa
527 1087 693 1148 flammatus
708 1086 785 1147 latex

180 1173 326 1232 candente
342 1191 416 1233 aeno
432 1175 528 1234 iactat.
557 1174 698 1250 inpositas
716 1172 806 1250 dapes

180 1255 325 1318 transiluit
340 1259 417 1336 ignis
431 1259 520 1336 inque
536 1257 718 1336 trepidantes
734 1256 815 1317 loeas
1072 1269 1095 1310 F.
1107 1267 1198 1311 CXXXI

182 1341 289 1404 hister
305 1349 440 1420 regestus
457 1352 485 1403 et
500 1345 560 1420 pati
576 1343 672 1402 iussus
688 1360 801 1402 meram

182 1427 399 1488 inuitnsardet.
431 1429 535 1489 stridet
550 1429 578 1487 in
595 1426 717 1488 ueribne
732 1429 822 1488 ieeur.
1115 1445 1165 1494 πο

155 1516 164 1562 i
226 1513 287 1573 Nec
303 1511 387 1573 lacile
403 1513 496 1574 dicam
514 1531 639 1591 corpora
656 1531 692 1572 an
709 1512 844 1573 llammae
861 1521 988 1591 gemant.

181 1613 331 1674 gemuere.
357 1599 458 1677 piceos
474 1599 550 1676 ignis
565 1600 595 1657 in
612 1598 708 1666 lamas
724 1597 793 1664 abit,

182 1687 212 1741 et
227 1683 289 1760 ipse
304 1683 403 1743 lamus
419 1685 511 1744 tristis
526 1702 561 1744 ac
576 1681 683 1742 nebula
699 1684 800 1760 grauis

181 1784 241 1828 nan
257 1773 357 1828 rectus
374 1768 432 1828 exit
448 1785 540 1845 seque
556 1769 585 1826 in
603 1767 753 1828 excelsum
771 1765 862 1827 leuat:

179 1853 290 1928 spissas
308 1859 429 1929 penates
445 1852 523 1913 nube
539 1853 664 1914 deformi
681 1851 806 1913 obsidet.

146 1937 167 1988 k
230 1935 419 1998 OPhaehe
441 1939 569 2015 patiens,
592 1937 738 2016 ingeris
760 1942 865 1998 retra
887 1936 978 1998 lieet

181 2021 340 2101 mediaque
358 2031 479 2101 ruptum
495 2024 634 2083 merseris
651 2021 731 2083 caelo
748 2022 835 2090 diem,

181 2107 406 2168 serooecidisti.
614 2153 621 2166 .
668 2155 674 2167 .
721 2154 727 2166 .
775 2111 782 2168 t
827 2154 833 2167 .
880 2154 887 2168 .

183 2235 404 2253 .....
452 2192 605 2274 [taaaa'aat
617 2200 727 2267 anates
736 2201 831 2268 ,vater

162 2281 166 2288 '
181 2282 328 2350 artaeque
342 2281 461 2339 mandit
476 2295 528 2338 are
538 2279 662 2351 funesta
676 2296 755 2340 suae.

183 2364 258 2421 nitet
270 2365 386 2437 fluente
400 2365 542 2424 madidas
556 2372 711 2440 aaaaeata
726 2379 842 2424 comam

181 2450 350 2522 aratrisque
365 2453 446 2510 aino.
476 2465 568 2523 saepe
581 2451 764 2523 praeclusae
777 2449 876 2506 eidam

183 2538 307 2591 tenuere
317 2529 451 2614 fauces]
500 2575 883 2592 ........

184 2660 458 2678 ......
503 2618 534 2678 in
550 2616 634 2676 malis
646 2634 736 2676 unnm
753 2615 809 2675 hac
824 2615 881 2674 tuis

185 2699 297 2760 bonnm
314 2706 372 2768 est,
389 2702 530 2780 Thyesta,
548 2699 625 2781 quad
644 2699 737 2761 mala
758 2702 911 2778 ignoras
934 2707 1002 2761 tna.

45 2811 47 2816 v
146 2773 175 2834 k'
231 2779 538 2864 Sed'ethaaperilrit.
570 2787 734 2848 uerterit
755 2784 1002 2847 enrrnslieet

186 2927 389 2949 Ἢ

253 3005 302 3055 757
321 3004 464 3070 incipite*
491 3003 503 3074 Π
531 3007 578 3056 761
597 3005 742 3056 lancinat
760 3005 879 3058 ciNHe.
908 3001 921 3070 11
950 3007 999 3056 763
1018 3007 1103 3055 delea-

184 3072 242 3120 dam
270 3080 357 3123 censet
378 3075 504 3124 Bartkr'as
531 3079 684 3125 auctoritate
709 3076 805 3124 codicis
824 3075 982 3138 ‚perueterr'a
1006 3075 1101 3124 calama

185 3141 318 3197 exarati‘·
353 3136 365 3206 ll
404 3145 453 3194 767
477 3145 609 3207 querente
634 3157 702 3192 aeno
725 3143 751 3192 A
780 3141 885 3206 (haene
906 3141 940 3204 a)
964 3140 1102 3191 candente

185 3222 256 3256 aeno
275 3208 300 3256 E
328 3203 341 3275 ΙΙ
370 3211 419 3261 768
443 3227 487 3260 ere
511 3211 613 3260 itantes
630 3211 656 3259 A
686 3210 858 3274 trepidantes
877 3209 930 3272 Εψ
950 3207 993 3270 (R)
1018 3205 1029 3273 ll
1053 3210 1102 3259 772

184 3275 280 3338 piceus
293 3277 318 3326 A
336 3277 432 3341 piceos
445 3279 470 3328 E
490 3227 506 3344 ll
528 3279 577 3328 775
595 3280 670 3342 ipsos
683 3295 704 3328 ω
723 3278 846 3342 spissus
865 3278 895 3326 ai.
910 3275 985 3328 NHs.
1006 3271 1018 3342 ll
1039 3274 1103 3327 7⁷8¹>

184 3343 284 3394 --788Ἰ
309 3343 610 3410 (lancinat-dauwe)
634 3347 683 3398 det.
702 3347 765 3395 ΗΡ.
794 3341 806 3411 ll
836 3345 885 3395 780
907 3351 1027 3407 comata
1057 3359 1103 3394 eo-

184 3415 317 3462 mam'ea
349 3409 362 3478 ll
395 3416 444 3465 781
471 3413 599 3464 reclusae
618 3412 643 3464 E
670 3412 775 3478 praeel.
795 3413 820 3462 A
849 3407 860 3479 ll
894 3413 944 3462 784
971 3427 1065 3464 aursus
1085 3429 1103 3462 a

184 3493 280 3530 currus
298 3488 337 3545 ψε
360 3476 372 3546 ll
