2550 3978
501 164 681 218 *amoenus
827 199 830 207 .
991 149 1053 216 231

124 313 137 362 d
187 305 244 365 Vidi
260 305 459 366 execrandum
476 304 573 381 regiae
590 303 688 364 caedis
705 302 786 364 netas

149 388 304 469 ipsas[que]
322 389 357 450 ad
374 407 443 450 aras
459 387 572 469 [maius
586 391 750 450 admissum
765 391 862 450 scelus
1072 401 1106 450 te

148 477 246 535 Aeaeis
261 472 370 554 armis]
388 492 454 533 cum
470 472 554 535 teron
571 491 677 534 scaeua
695 490 781 534 manu

148 577 223 619 coma
239 559 396 620 reflectens
411 559 524 637 regium
542 567 618 618 torta
634 565 723 636 caput

148 642 199 704 alto
214 643 374 704 nefandum
389 642 507 704 uulneri
524 643 636 703 terrum
652 641 779 710 abdidit,

147 728 217 808 qnod
233 729 350 806 penitus
366 736 464 788 actum
479 745 547 788 cum
564 727 724 804 recepisset
739 725 849 796 iibens,

149 814 217 873 ensis
232 812 317 874 senili
332 814 429 872 siccus
444 832 460 872 e
475 810 576 890 iugulo
591 811 681 876 redit.

121 895 141 952 d'
184 896 302 958 Piacare
319 915 407 975 quem
422 913 482 956 non
498 897 622 976 potuita
639 897 730 956 caede
746 896 834 956 etiera

149 981 270 1042 mortalis
285 984 352 1042 aeui
367 981 517 1042 cardinem
534 987 698 1042 extremum
715 997 853 1059 premens

58 1064 61 1140 i
147 1069 298 1144 superique
314 1047 404 1127 teste's
420 1063 541 1127 sceleris
557 1074 585 1127 et
601 1065 747 1142 quoddam
765 1083 881 1128 sacrum

57 1153 59 1196 s
147 1153 224 1228 regni
239 1151 378 1213 iacentis?
401 1149 449 1210 iiie
465 1157 508 1210 tot
522 1167 628 1228 regum
645 1167 751 1227 parens

148 1243 220 1296 caret
236 1235 394 1314 sepulchro
411 1234 546 1296 Priamus
561 1241 590 1295 et
605 1235 723 1296 tiamma
740 1234 850 1312 indiget
1072 1245 1106 1295 55

147 1320 260 1380 ardente
275 1321 374 1380 Troia.
406 1337 463 1378 non
479 1329 580 1380 tamen
595 1320 710 1396 superis
726 1329 771 1380 sat
786 1329 845 1380 est:

119 1402 146 1458 ‹i'
184 1405 338 1465 Dominum
355 1423 425 1465 ecce
440 1405 551 1464 Priami
566 1403 691 1465 nuribus
707 1411 736 1464 et
750 1406 848 1480 gnatis
862 1403 964 1483 legens

146 1490 261 1548 sortitur
276 1506 361 1549 uma.
392 1489 501 1566 praeda
517 1508 605 1568 quem
624 1488 690 1549 uilis
704 1490 831 1568 sequani

145 1573 188 1633 hic
201 1574 338 1635 Hectoris
354 1574 489 1649 coniugia
505 1573 669 1653 despondet
683 1573 754 1643 sibi,

145 1657 188 1718 hic
203 1665 283 1739 optat
297 1657 401 1719 Heleni
417 1660 572 1734 coniugem
590 1659 637 1718 hie
653 1660 812 1718 Antenoris
1071 1669 1106 1718 oo

144 1761 195 1804 nec
210 1744 356 1803 destines
372 1741 535 1804 Cassandra
552 1745 603 1821 qui
619 1741 762 1802 thalamos
778 1749 870 1820 petat:

145 1845 204 1888 mea
220 1846 286 1889 sors
301 1829 435 1895 timetur,
453 1826 515 1908 sola
530 1845 595 1888 sum
613 1827 718 1888 iianais
734 1835 838 1887 metus.

116 1933 129 1967 e
184 1912 323 1972 Lamenta
340 1912 474 1973 cessant?
497 1911 584 1972 turba
600 1913 734 1989 captiuae
750 1929 815 1972 mea

143 1997 223 2058 terite
240 1997 344 2075 palmis
359 2006 480 2075 pectora
496 2006 525 2057 et
540 1994 676 2075 planctus
692 1997 758 2058 date

144 2087 171 2140 et
184 2084 258 2142 iusta
275 2081 382 2142 Troiae
399 2081 494 2142 tacite.
526 2081 696 2162 iamdudum
712 2089 797 2142 sonet

143 2165 233 2226 taralis
248 2166 299 2226 lde
314 2165 418 2227 iudicis
433 2167 490 2226 diri
506 2167 619 2226 domus.

143 2334 342 2344 ——.-.-..--

206 2438 239 2486 45
262 2440 295 2488 46
323 2437 405 2487 deleri
427 2451 479 2499 que
509 2432 521 2501 Η
555 2436 644 2484 mains
668 2436 816 2484 admissum
841 2436 932 2488 scelus
954 2437 1056 2498 Aeaeis

142 2505 223 2554 armis
241 2503 325 2555 deleri
341 2504 441 2553 Aeaeis
459 2502 484 2551 E
513 2503 654 2554 Aeacidae
673 2503 698 2552 Α
728 2503 872 2554 Aeacidis
890 2503 1008 2572 Sealiper
1030 2513 1056 2556 et

145 2573 249 2623 Vossius
267 2574 369 2622 Aiacis
390 2568 483 2637 tiron}
502 2573 535 2620 46
553 2586 639 2620 scena
657 2571 683 2618 E
701 2586 787 2620 caena
806 2571 830 2620 A
849 2572 932 2623 laeua
951 2575 1066 2636 Hanno,

139 2639 231 2705 derper
249 2642 284 2704 ef.
298 2641 396 2690 Piaed.
416 2641 465 2688 708
496 2635 500 2704 1
522 2639 555 2687 48
574 2638 715 2702 addiditu
739 2635 750 2704 il
773 2641 808 2689 50
825 2642 916 2691 siccus
935 2642 960 2690 E
972 2643 995 2692 R
1006 2659 1053 2708 mp.

140 2709 285 2758 tinctusA
316 2704 327 2774 {l
355 2705 542 2771 ecquodnam
561 2706 611 2769 Eqr
640 2706 729 2769 quodi
746 2707 808 2756 ltro
837 2709 973 2773 quondam
994 2712 1019 2760 Α
1041 2712 1054 2774 ΙΙ

140 2777 172 2826 66
185 2776 292 2842 superis
305 2775 403 2840 undu
422 2776 514 2838 superi
528 2775 550 2822 A
564 2770 576 2839 ii
588 2776 621 2824 63
634 2780 745 2824 cessent
756 2782 779 2838 qr
791 2771 802 2842 ΙΙ
814 2778 848 2826 64
859 2777 898 2827 IN
910 2778 1054 2829 NOMINE

139 2859 203 2911 DNI
214 2859 355 2910 INCIPIT
369 2858 594 2909 EXGERPTVM
608 2859 648 2907 DI
660 2859 873 2911 TRAGOEDIA
885 2862 1055 2913 TROADOS

138 2961 252 3013 ANNEI
271 2961 420 3027 SENICE·
432 2960 580 3010 HECVBA
594 2960 739 3012 OHORVS
756 2949 906 3016 TROADI
918 2965 997 3014 Haec
1015 2963 1055 3014 fe·
1097 3013 1105 3026 ,

138 3030 189 3081 rite
208 3039 257 3080 ete.
280 3029 341 3079 Tim.
366 3026 378 3095 ΙΙ
401 3030 433 3079 66
445 3030 512 3080 Idae
531 3029 572 3080 Αε
591 3029 638 3078 Ide
660 3029 758 3093 Tiauq
777 3031 866 3081 Deirio
888 3033 994 3082 Vossius
1015 3027 1028 3094 ΙΙ
