<?xml version="1.0" encoding="UTF-8"?>
<!DOCTYPE html PUBLIC "-//W3C//DTD XHTML 1.0 Transitional//EN"
    "http://www.w3.org/TR/xhtml1/DTD/xhtml1-transitional.dtd">
<html xmlns="http://www.w3.org/1999/xhtml" xml:lang="en" lang="en">
 <head>
  <title>
</title>
<meta http-equiv="Content-Type" content="text/html;charset=utf-8" />
  <meta name='ocr-system' content='tesseract 3.04.00' />
  <meta name='ocr-capabilities' content='ocr_page ocr_carea ocr_par ocr_line ocrx_word'/>
</head>
<body>
  <div class='ocr_page' id='page_1' title='image "./lannaeisenecaet06senegoog_0378.png"; bbox 0 0 2490 3984; ppageno 0'>
   <div class='ocr_carea' id='block_1_1' title="bbox 534 187 1090 253">
    <p class='ocr_par' dir='ltr' id='par_1_1' title="bbox 534 187 1090 253">
     <span class='ocr_line' id='line_1_1' title="bbox 534 187 1090 253; baseline 0 -1"><span class='ocrx_word' id='word_1_1' title='bbox 534 203 732 253; x_wconf 80' lang='lat' dir='ltr'>aaamnuro</span> <span class='ocrx_word' id='word_1_2' title='bbox 1026 187 1090 252; x_wconf 79' lang='lat'>325</span> 
     </span>
    </p>
   </div>
   <div class='ocr_carea' id='block_1_2' title="bbox 173 341 1160 677">
    <p class='ocr_par' dir='ltr' id='par_1_2' title="bbox 216 341 989 422">
     <span class='ocr_line' id='line_1_2' title="bbox 216 341 989 422; baseline -0.003 -18"><span class='ocrx_word' id='word_1_3' title='bbox 216 355 315 404; x_wconf 74' lang='lat' dir='ltr'>cerr.</span> <span class='ocrx_word' id='word_1_4' title='bbox 340 343 485 420; x_wconf 82' lang='lat' dir='ltr'>Equidem</span> <span class='ocrx_word' id='word_1_5' title='bbox 501 350 530 405; x_wconf 88' lang='lat' dir='ltr'>et</span> <span class='ocrx_word' id='word_1_6' title='bbox 544 343 658 422; x_wconf 84' lang='lat' dir='ltr'>iugales</span> <span class='ocrx_word' id='word_1_7' title='bbox 674 341 749 404; x_wconf 84' lang='lat' dir='ltr'>filiae</span> <span class='ocrx_word' id='word_1_8' title='bbox 765 343 887 404; x_wconf 89' lang='lat' dir='ltr'>memini</span> <span class='ocrx_word' id='word_1_9' title='bbox 903 343 989 403; x_wconf 83' lang='lat' dir='ltr'>laces</span> 
     </span>
    </p>

    <p class='ocr_par' dir='ltr' id='par_1_3' title="bbox 173 428 1160 574">
     <span class='ocr_line' id='line_1_3' title="bbox 173 428 1160 506; baseline 0 -18"><span class='ocrx_word' id='word_1_10' title='bbox 173 438 203 490; x_wconf 88' lang='lat' dir='ltr'>et</span> <span class='ocrx_word' id='word_1_11' title='bbox 219 446 361 506; x_wconf 79' lang='lat' dir='ltr'>generum</span> <span class='ocrx_word' id='word_1_12' title='bbox 377 428 529 489; x_wconf 80' lang='lat' dir='ltr'><strong>Achillem.</strong></span> <span class='ocrx_word' id='word_1_13' title='bbox 561 429 706 506; x_wconf 87' lang='lat' dir='ltr'>praestitit</span> <span class='ocrx_word' id='word_1_14' title='bbox 724 429 811 488; x_wconf 90' lang='lat' dir='ltr'>matri</span> <span class='ocrx_word' id='word_1_15' title='bbox 825 428 924 488; x_wconf 88' lang='lat' dir='ltr'>fidem.</span> <span class='ocrx_word' id='word_1_16' title='bbox 1109 435 1160 490; x_wconf 83' lang='lat' dir='ltr'>tto</span> 
     </span>
     <span class='ocr_line' id='line_1_4' title="bbox 214 511 918 574; baseline -0.003 0"><span class='ocrx_word' id='word_1_17' title='bbox 214 527 319 574; x_wconf 75' lang='grc'><strong>111111.</strong></span> <span class='ocrx_word' id='word_1_18' title='bbox 342 513 479 574; x_wconf 78' lang='lat' dir='ltr'>Redemit</span> <span class='ocrx_word' id='word_1_19' title='bbox 492 512 541 574; x_wconf 94' lang='lat' dir='ltr'>illa</span> <span class='ocrx_word' id='word_1_20' title='bbox 557 511 659 574; x_wconf 87' lang='lat' dir='ltr'>classis</span> <span class='ocrx_word' id='word_1_21' title='bbox 674 513 803 574; x_wconf 88' lang='lat' dir='ltr'>inmotae</span> <span class='ocrx_word' id='word_1_22' title='bbox 818 530 918 574; x_wconf 91' lang='lat' dir='ltr'>moras</span> 
     </span>
    </p>

    <p class='ocr_par' dir='ltr' id='par_1_4' title="bbox 174 596 774 677">
     <span class='ocr_line' id='line_1_5' title="bbox 174 596 774 677; baseline -0.003 -19"><span class='ocrx_word' id='word_1_23' title='bbox 174 604 203 658; x_wconf 91' lang='lat' dir='ltr'>et</span> <span class='ocrx_word' id='word_1_24' title='bbox 217 599 309 658; x_wconf 92' lang='lat' dir='ltr'>maria</span> <span class='ocrx_word' id='word_1_25' title='bbox 325 599 411 676; x_wconf 83' lang='lat' dir='ltr'>pigro</span> <span class='ocrx_word' id='word_1_26' title='bbox 427 598 482 658; x_wconf 84' lang='lat' dir='ltr'>lixa</span> <span class='ocrx_word' id='word_1_27' title='bbox 499 597 643 676; x_wconf 82' lang='lat' dir='ltr'>languore</span> <span class='ocrx_word' id='word_1_28' title='bbox 659 596 774 677; x_wconf 78' lang='lat' dir='ltr'>inpulit,</span> 
     </span>
    </p>
   </div>
   <div class='ocr_carea' id='block_1_3' title="bbox 101 763 960 2190">
    <p class='ocr_par' dir='ltr' id='par_1_5' title="bbox 101 763 960 2190">
     <span class='ocr_line' id='line_1_6' title="bbox 132 763 960 846; baseline 0 -20"><span class='ocrx_word' id='word_1_29' title='bbox 132 821 134 826; x_wconf 90' lang='lat'><em>.</em></span> <span class='ocrx_word' id='word_1_30' title='bbox 217 779 315 826; x_wconf 75' lang='grc'><strong>01111.</strong></span> <span class='ocrx_word' id='word_1_31' title='bbox 339 766 424 845; x_wconf 85' lang='lat' dir='ltr'>Piget</span> <span class='ocrx_word' id='word_1_32' title='bbox 441 763 587 844; x_wconf 82' lang='lat' dir='ltr'>doletque.</span> <span class='ocrx_word' id='word_1_33' title='bbox 617 765 762 846; x_wconf 78' lang='lat' dir='ltr'>Tyndaris</span> <span class='ocrx_word' id='word_1_34' title='bbox 777 765 850 827; x_wconf 89' lang='lat' dir='ltr'>caeli</span> <span class='ocrx_word' id='word_1_35' title='bbox 866 783 960 845; x_wconf 84' lang='lat' dir='ltr'>genus</span> 
     </span>
     <span class='ocr_line' id='line_1_7' title="bbox 172 848 762 930; baseline 0 -20"><span class='ocrx_word' id='word_1_36' title='bbox 172 849 294 910; x_wconf 86' lang='lat' dir='ltr'>lustrale</span> <span class='ocrx_word' id='word_1_37' title='bbox 310 848 396 910; x_wconf 80' lang='lat' dir='ltr'>classi</span> <span class='ocrx_word' id='word_1_38' title='bbox 412 851 531 911; x_wconf 82' lang='lat' dir='ltr'>doricae</span> <span class='ocrx_word' id='word_1_39' title='bbox 546 853 649 930; x_wconf 84' lang='lat' dir='ltr'>peperi</span> <span class='ocrx_word' id='word_1_40' title='bbox 665 860 762 928; x_wconf 91' lang='lat' dir='ltr'>caput.</span> 
     </span>
     <span class='ocr_line' id='line_1_8' title="bbox 171 932 832 1014; baseline 0.005 -21"><span class='ocrx_word' id='word_1_41' title='bbox 171 932 301 995; x_wconf 88' lang='lat' dir='ltr'>reuoluit</span> <span class='ocrx_word' id='word_1_42' title='bbox 316 937 431 996; x_wconf 89' lang='lat' dir='ltr'>animus</span> <span class='ocrx_word' id='word_1_43' title='bbox 448 936 572 1012; x_wconf 83' lang='lat' dir='ltr'>uirginis</span> <span class='ocrx_word' id='word_1_44' title='bbox 589 935 732 996; x_wconf 89' lang='lat' dir='ltr'>thalamos</span> <span class='ocrx_word' id='word_1_45' title='bbox 749 953 832 1014; x_wconf 76' lang='lat' dir='ltr'>meae</span> 
     </span>
     <span class='ocr_line' id='line_1_9' title="bbox 172 1018 768 1098; baseline 0.003 -19"><span class='ocrx_word' id='word_1_46' title='bbox 172 1037 246 1097; x_wconf 93' lang='lat' dir='ltr'>quos</span> <span class='ocrx_word' id='word_1_47' title='bbox 261 1019 309 1079; x_wconf 91' lang='lat' dir='ltr'>ille</span> <span class='ocrx_word' id='word_1_48' title='bbox 325 1021 431 1098; x_wconf 82' lang='lat' dir='ltr'>dignos</span> <span class='ocrx_word' id='word_1_49' title='bbox 445 1018 562 1098; x_wconf 85' lang='lat' dir='ltr'>pelopia</span> <span class='ocrx_word' id='word_1_50' title='bbox 579 1019 648 1080; x_wconf 86' lang='lat' dir='ltr'>lecit</span> <span class='ocrx_word' id='word_1_51' title='bbox 663 1021 768 1089; x_wconf 90' lang='lat' dir='ltr'>domo,</span> 
     </span>
     <span class='ocr_line' id='line_1_10' title="bbox 173 1105 801 1182; baseline 0.003 -20"><span class='ocrx_word' id='word_1_52' title='bbox 173 1121 241 1163; x_wconf 92' lang='lat' dir='ltr'>cum</span> <span class='ocrx_word' id='word_1_53' title='bbox 257 1106 337 1165; x_wconf 87' lang='lat' dir='ltr'>stetit</span> <span class='ocrx_word' id='word_1_54' title='bbox 352 1105 388 1166; x_wconf 91' lang='lat' dir='ltr'>ad</span> <span class='ocrx_word' id='word_1_55' title='bbox 405 1122 472 1165; x_wconf 89' lang='lat' dir='ltr'>aras</span> <span class='ocrx_word' id='word_1_56' title='bbox 489 1123 541 1164; x_wconf 92' lang='lat' dir='ltr'>ore</span> <span class='ocrx_word' id='word_1_57' title='bbox 557 1105 692 1166; x_wconf 89' lang='lat' dir='ltr'>sacrifico</span> <span class='ocrx_word' id='word_1_58' title='bbox 707 1112 801 1182; x_wconf 92' lang='lat' dir='ltr'>pater.</span> 
     </span>
     <span class='ocr_line' id='line_1_11' title="bbox 214 1185 852 1269; baseline 0.006 -22"><span class='ocrx_word' id='word_1_59' title='bbox 214 1185 307 1256; x_wconf 84' lang='lat' dir='ltr'>Quam</span> <span class='ocrx_word' id='word_1_60' title='bbox 323 1189 479 1269; x_wconf 86' lang='lat' dir='ltr'>nuptiales.</span> <span class='ocrx_word' id='word_1_61' title='bbox 511 1190 628 1249; x_wconf 84' lang='lat' dir='ltr'>horruit</span> <span class='ocrx_word' id='word_1_62' title='bbox 643 1188 765 1250; x_wconf 83' lang='lat' dir='ltr'>Calchas</span> <span class='ocrx_word' id='word_1_63' title='bbox 781 1207 852 1251; x_wconf 88' lang='lat' dir='ltr'>suae</span> 
     </span>
     <span class='ocr_line' id='line_1_12' title="bbox 149 1275 753 1350; baseline 0.005 -20"><span class='ocrx_word' id='word_1_64' title='bbox 149 1276 152 1290; x_wconf 84' lang='lat'><em>&#39;</em></span> <span class='ocrx_word' id='word_1_65' title='bbox 171 1289 314 1350; x_wconf 88' lang='lat' dir='ltr'>responsa</span> <span class='ocrx_word' id='word_1_66' title='bbox 330 1275 412 1334; x_wconf 90' lang='lat' dir='ltr'>uocis</span> <span class='ocrx_word' id='word_1_67' title='bbox 428 1283 457 1335; x_wconf 89' lang='lat' dir='ltr'>et</span> <span class='ocrx_word' id='word_1_68' title='bbox 472 1275 647 1334; x_wconf 86' lang='lat' dir='ltr'>recedentes</span> <span class='ocrx_word' id='word_1_69' title='bbox 662 1275 753 1333; x_wconf 88' lang='lat' dir='ltr'>locos.</span> 
     </span>
     <span class='ocr_line' id='line_1_13' title="bbox 172 1355 902 1436; baseline 0.01 -21"><span class='ocrx_word' id='word_1_70' title='bbox 172 1375 189 1415; x_wconf 96' lang='lat' dir='ltr'>o</span> <span class='ocrx_word' id='word_1_71' title='bbox 205 1355 318 1416; x_wconf 88' lang='lat' dir='ltr'>scelera</span> <span class='ocrx_word' id='word_1_72' title='bbox 335 1375 454 1436; x_wconf 88' lang='lat' dir='ltr'>semper</span> <span class='ocrx_word' id='word_1_73' title='bbox 470 1357 638 1420; x_wconf 84' lang='lat' dir='ltr'>sceleribus</span> <span class='ocrx_word' id='word_1_74' title='bbox 648 1360 771 1420; x_wconf 91' lang='lat' dir='ltr'>uincens</span> <span class='ocrx_word' id='word_1_75' title='bbox 787 1359 902 1422; x_wconf 79' lang='lat' dir='ltr'>domus,</span> 
     </span>
     <span class='ocr_line' id='line_1_14' title="bbox 172 1441 784 1512; baseline 0.01 -14"><span class='ocrx_word' id='word_1_76' title='bbox 172 1457 279 1500; x_wconf 92' lang='lat' dir='ltr'>cruore</span> <span class='ocrx_word' id='word_1_77' title='bbox 294 1447 400 1502; x_wconf 90' lang='lat' dir='ltr'>uentus</span> <span class='ocrx_word' id='word_1_78' title='bbox 416 1443 556 1512; x_wconf 77' lang='lat' dir='ltr'>emimuS,</span> <span class='ocrx_word' id='word_1_79' title='bbox 574 1441 684 1504; x_wconf 87' lang='lat' dir='ltr'>bollum</span> <span class='ocrx_word' id='word_1_80' title='bbox 702 1461 784 1504; x_wconf 87' lang='lat' dir='ltr'>nece.</span> 
     </span>
     <span class='ocr_line' id='line_1_15' title="bbox 171 1524 905 1604; baseline 0.011 -22"><span class='ocrx_word' id='word_1_81' title='bbox 171 1537 275 1582; x_wconf 79' lang='lat' dir='ltr'>nuru.</span> <span class='ocrx_word' id='word_1_82' title='bbox 292 1524 343 1586; x_wconf 88' lang='lat' dir='ltr'>sed</span> <span class='ocrx_word' id='word_1_83' title='bbox 360 1525 426 1586; x_wconf 90' lang='lat' dir='ltr'>uela</span> <span class='ocrx_word' id='word_1_84' title='bbox 442 1527 554 1604; x_wconf 88' lang='lat' dir='ltr'>pariter</span> <span class='ocrx_word' id='word_1_85' title='bbox 570 1524 649 1586; x_wconf 87' lang='lat' dir='ltr'>millo</span> <span class='ocrx_word' id='word_1_86' title='bbox 665 1527 801 1588; x_wconf 86' lang='lat' dir='ltr'>lecerunt</span> <span class='ocrx_word' id='word_1_87' title='bbox 816 1534 905 1590; x_wconf 75' lang='lat' dir='ltr'>rates</span> 
     </span>
     <span class='ocr_line' id='line_1_16' title="bbox 101 1607 939 1689; baseline 0.004 -22"><span class='ocrx_word' id='word_1_88' title='bbox 101 1619 104 1624; x_wconf 84' lang='lat'>&#39;</span> <span class='ocrx_word' id='word_1_89' title='bbox 215 1619 315 1668; x_wconf 68' lang='lat' dir='ltr'>corr.</span> <span class='ocrx_word' id='word_1_90' title='bbox 338 1608 403 1668; x_wconf 90' lang='lat' dir='ltr'>Non</span> <span class='ocrx_word' id='word_1_91' title='bbox 420 1617 465 1669; x_wconf 88' lang='lat' dir='ltr'>est</span> <span class='ocrx_word' id='word_1_92' title='bbox 480 1607 575 1670; x_wconf 86' lang='lat' dir='ltr'>soluta</span> <span class='ocrx_word' id='word_1_93' title='bbox 590 1628 735 1689; x_wconf 88' lang='lat' dir='ltr'>prospero</span> <span class='ocrx_word' id='word_1_94' title='bbox 752 1610 852 1672; x_wconf 82' lang='lat' dir='ltr'>classis</span> <span class='ocrx_word' id='word_1_95' title='bbox 867 1611 939 1672; x_wconf 91' lang='lat' dir='ltr'>deo:</span> 
     </span>
     <span class='ocr_line' id='line_1_17' title="bbox 173 1691 674 1770; baseline 0.008 -20"><span class='ocrx_word' id='word_1_96' title='bbox 173 1692 260 1752; x_wconf 88' lang='lat' dir='ltr'>eiecit</span> <span class='ocrx_word' id='word_1_97' title='bbox 274 1691 356 1752; x_wconf 82' lang='lat' dir='ltr'>Aulis</span> <span class='ocrx_word' id='word_1_98' title='bbox 371 1694 465 1770; x_wconf 88' lang='lat' dir='ltr'>inpias</span> <span class='ocrx_word' id='word_1_99' title='bbox 480 1701 569 1770; x_wconf 90' lang='lat' dir='ltr'>portu</span> <span class='ocrx_word' id='word_1_100' title='bbox 584 1701 674 1754; x_wconf 81' lang='lat' dir='ltr'>raiae.</span> 
     </span>
     <span class='ocr_line' id='line_1_18' title="bbox 171 1776 789 1856; baseline 0.003 -20"><span class='ocrx_word' id='word_1_101' title='bbox 171 1777 213 1836; x_wconf 94' lang='lat' dir='ltr'>sic</span> <span class='ocrx_word' id='word_1_102' title='bbox 229 1777 397 1854; x_wconf 86' lang='lat' dir='ltr'>auspicatus</span> <span class='ocrx_word' id='word_1_103' title='bbox 411 1776 489 1838; x_wconf 87' lang='lat' dir='ltr'>bella</span> <span class='ocrx_word' id='word_1_104' title='bbox 505 1796 565 1838; x_wconf 95' lang='lat' dir='ltr'>non</span> <span class='ocrx_word' id='word_1_105' title='bbox 582 1777 688 1842; x_wconf 90' lang='lat' dir='ltr'>melius</span> <span class='ocrx_word' id='word_1_106' title='bbox 703 1780 789 1856; x_wconf 81' lang='lat' dir='ltr'>gerit.</span> 
     </span>
     <span class='ocr_line' id='line_1_19' title="bbox 166 1857 803 1946; baseline 0.009 -26"><span class='ocrx_word' id='word_1_107' title='bbox 166 1857 292 1941; x_wconf 70' lang='lat' dir='ltr'>[emm</span> <span class='ocrx_word' id='word_1_108' title='bbox 305 1869 417 1938; x_wconf 84' lang='lat' dir='ltr'>ceptae</span> <span class='ocrx_word' id='word_1_109' title='bbox 431 1869 539 1938; x_wconf 78' lang='lat' dir='ltr'>ceptae</span> <span class='ocrx_word' id='word_1_110' title='bbox 553 1868 683 1924; x_wconf 75' lang='lat' dir='ltr'>inmotus</span> <span class='ocrx_word' id='word_1_111' title='bbox 692 1863 803 1946; x_wconf 84' lang='lat' dir='ltr'>prece]</span> 
     </span>
     <span class='ocr_line' id='line_1_20' title="bbox 170 1944 771 2025; baseline 0.008 -22"><span class='ocrx_word' id='word_1_112' title='bbox 170 1944 317 2006; x_wconf 91' lang='lat' dir='ltr'>zminthea</span> <span class='ocrx_word' id='word_1_113' title='bbox 335 1948 427 2007; x_wconf 87' lang='lat' dir='ltr'>tenuit</span> <span class='ocrx_word' id='word_1_114' title='bbox 441 1946 533 2025; x_wconf 87' lang='lat' dir='ltr'>spolia</span> <span class='ocrx_word' id='word_1_115' title='bbox 550 1947 677 2025; x_wconf 88' lang='lat' dir='ltr'>phoebei</span> <span class='ocrx_word' id='word_1_116' title='bbox 692 1951 771 2008; x_wconf 88' lang='lat' dir='ltr'>senis</span> 
     </span>
     <span class='ocr_line' id='line_1_21' title="bbox 172 2029 819 2109; baseline 0.011 -22"><span class='ocrx_word' id='word_1_117' title='bbox 172 2029 280 2090; x_wconf 89' lang='lat' dir='ltr'>ardore</span> <span class='ocrx_word' id='word_1_118' title='bbox 296 2049 399 2092; x_wconf 90' lang='lat' dir='ltr'>sacrae</span> <span class='ocrx_word' id='word_1_119' title='bbox 414 2033 539 2109; x_wconf 82' lang='lat' dir='ltr'>uirginis</span> <span class='ocrx_word' id='word_1_120' title='bbox 554 2034 612 2092; x_wconf 89' lang='lat' dir='ltr'>iam</span> <span class='ocrx_word' id='word_1_121' title='bbox 629 2040 691 2094; x_wconf 89' lang='lat' dir='ltr'>tum</span> <span class='ocrx_word' id='word_1_122' title='bbox 708 2032 819 2095; x_wconf 76' lang='lat' dir='ltr'>furens.</span> 
     </span>
     <span class='ocr_line' id='line_1_22' title="bbox 211 2105 912 2190; baseline 0.011 -17"><span class='ocrx_word' id='word_1_123' title='bbox 211 2113 276 2174; x_wconf 91' lang='lat' dir='ltr'>Non</span> <span class='ocrx_word' id='word_1_124' title='bbox 294 2113 377 2175; x_wconf 91' lang='lat' dir='ltr'>illum</span> <span class='ocrx_word' id='word_1_125' title='bbox 393 2114 521 2176; x_wconf 80' lang='lat' dir='ltr'>Achilles</span> <span class='ocrx_word' id='word_1_126' title='bbox 533 2105 617 2178; x_wconf 85' lang='lat' dir='ltr'>llexit</span> <span class='ocrx_word' id='word_1_127' title='bbox 633 2118 793 2180; x_wconf 91' lang='lat' dir='ltr'>indomitus</span> <span class='ocrx_word' id='word_1_128' title='bbox 810 2121 912 2190; x_wconf 87' lang='lat' dir='ltr'>minis,</span> 
     </span>
    </p>
   </div>
   <div class='ocr_carea' id='block_1_4' title="bbox 83 2197 847 2774">
    <p class='ocr_par' dir='ltr' id='par_1_6' title="bbox 83 2197 847 2774">
     <span class='ocr_line' id='line_1_23' title="bbox 168 2197 748 2279; baseline 0.01 -23"><span class='ocrx_word' id='word_1_129' title='bbox 168 2215 228 2257; x_wconf 92' lang='lat' dir='ltr'>non</span> <span class='ocrx_word' id='word_1_130' title='bbox 244 2197 295 2260; x_wconf 88' lang='lat' dir='ltr'>ille</span> <span class='ocrx_word' id='word_1_131' title='bbox 310 2198 391 2260; x_wconf 89' lang='lat' dir='ltr'>solus</span> <span class='ocrx_word' id='word_1_132' title='bbox 407 2201 464 2261; x_wconf 88' lang='lat' dir='ltr'>lata</span> <span class='ocrx_word' id='word_1_133' title='bbox 481 2203 532 2279; x_wconf 90' lang='lat' dir='ltr'>qui</span> <span class='ocrx_word' id='word_1_134' title='bbox 548 2203 651 2262; x_wconf 91' lang='lat' dir='ltr'>mundi</span> <span class='ocrx_word' id='word_1_135' title='bbox 666 2204 748 2266; x_wconf 88' lang='lat' dir='ltr'>uidet</span> 
     </span>
     <span class='ocr_line' id='line_1_24' title="bbox 168 2283 754 2366; baseline 0.012 -25"><span class='ocrx_word' id='word_1_136' title='bbox 168 2283 197 2341; x_wconf 94' lang='lat' dir='ltr'>in</span> <span class='ocrx_word' id='word_1_137' title='bbox 213 2300 268 2358; x_wconf 89' lang='lat' dir='ltr'>nos</span> <span class='ocrx_word' id='word_1_138' title='bbox 284 2283 377 2345; x_wconf 87' lang='lat' dir='ltr'>fidelis</span> <span class='ocrx_word' id='word_1_139' title='bbox 393 2303 487 2362; x_wconf 82' lang='lat' dir='ltr'>augur</span> <span class='ocrx_word' id='word_1_140' title='bbox 503 2287 533 2346; x_wconf 86' lang='lat' dir='ltr'>in</span> <span class='ocrx_word' id='word_1_141' title='bbox 549 2286 754 2366; x_wconf 85' lang='lat' dir='ltr'>captaslcuis,</span> 
     </span>
     <span class='ocr_line' id='line_1_25' title="bbox 167 2368 795 2451; baseline 0.013 -26"><span class='ocrx_word' id='word_1_142' title='bbox 167 2383 228 2426; x_wconf 91' lang='lat' dir='ltr'>nun</span> <span class='ocrx_word' id='word_1_143' title='bbox 242 2368 371 2446; x_wconf 92' lang='lat' dir='ltr'>populus</span> <span class='ocrx_word' id='word_1_144' title='bbox 387 2387 476 2448; x_wconf 84' lang='lat' dir='ltr'>aeger</span> <span class='ocrx_word' id='word_1_145' title='bbox 492 2377 521 2430; x_wconf 88' lang='lat' dir='ltr'>et</span> <span class='ocrx_word' id='word_1_146' title='bbox 535 2370 704 2433; x_wconf 88' lang='lat' dir='ltr'>relucentes</span> <span class='ocrx_word' id='word_1_147' title='bbox 718 2375 795 2451; x_wconf 82' lang='lat' dir='ltr'>rogi.</span> 
     </span>
     <span class='ocr_line' id='line_1_26' title="bbox 168 2451 828 2534; baseline 0.014 -25"><span class='ocrx_word' id='word_1_148' title='bbox 168 2451 246 2510; x_wconf 87' lang='lat' dir='ltr'>inter</span> <span class='ocrx_word' id='word_1_149' title='bbox 262 2455 377 2515; x_wconf 88' lang='lat' dir='ltr'>ruentis</span> <span class='ocrx_word' id='word_1_150' title='bbox 393 2455 536 2516; x_wconf 86' lang='lat' dir='ltr'>Graeciae</span> <span class='ocrx_word' id='word_1_151' title='bbox 550 2463 679 2534; x_wconf 83' lang='lat' dir='ltr'>stragem</span> <span class='ocrx_word' id='word_1_152' title='bbox 695 2456 828 2520; x_wconf 88' lang='lat' dir='ltr'>ultimam</span> 
     </span>
     <span class='ocr_line' id='line_1_27' title="bbox 167 2535 847 2604; baseline 0.018 -12"><span class='ocrx_word' id='word_1_153' title='bbox 167 2536 231 2594; x_wconf 87' lang='lat' dir='ltr'>sine</span> <span class='ocrx_word' id='word_1_154' title='bbox 247 2535 331 2598; x_wconf 86' lang='lat' dir='ltr'>hoste</span> <span class='ocrx_word' id='word_1_155' title='bbox 347 2539 444 2598; x_wconf 88' lang='lat' dir='ltr'>uictus</span> <span class='ocrx_word' id='word_1_156' title='bbox 459 2549 573 2600; x_wconf 89' lang='lat' dir='ltr'>marcet</span> <span class='ocrx_word' id='word_1_157' title='bbox 588 2559 622 2602; x_wconf 87' lang='lat' dir='ltr'>ac</span> <span class='ocrx_word' id='word_1_158' title='bbox 638 2543 745 2603; x_wconf 87' lang='lat' dir='ltr'>Veneri</span> <span class='ocrx_word' id='word_1_159' title='bbox 762 2551 847 2604; x_wconf 89' lang='lat' dir='ltr'>uacat</span> 
     </span>
     <span class='ocr_line' id='line_1_28' title="bbox 83 2629 478 2700; baseline 0.013 -23"><span class='ocrx_word' id='word_1_160' title='bbox 83 2675 85 2686; x_wconf 85' lang='grc'>,</span> <span class='ocrx_word' id='word_1_161' title='bbox 167 2629 344 2700; x_wconf 87' lang='lat' dir='ltr'>reparatque</span> <span class='ocrx_word' id='word_1_162' title='bbox 361 2641 478 2684; x_wconf 90' lang='lat' dir='ltr'>amores</span> 
     </span>
     <span class='ocr_line' id='line_1_29' title="bbox 464 2708 827 2774; baseline 0.011 -6"><span class='ocrx_word' id='word_1_163' title='bbox 464 2720 466 2724; x_wconf 84' lang='grc'><em>·</em></span> <span class='ocrx_word' id='word_1_164' title='bbox 500 2708 583 2770; x_wconf 89' lang='lat' dir='ltr'>Neue</span> <span class='ocrx_word' id='word_1_165' title='bbox 599 2709 733 2772; x_wconf 87' lang='lat' dir='ltr'>desertus</span> <span class='ocrx_word' id='word_1_166' title='bbox 751 2711 827 2774; x_wconf 88' lang='lat' dir='ltr'>loret</span> 
     </span>
    </p>
   </div>
   <div class='ocr_carea' id='block_1_5' title="bbox 167 2857 367 2868">
    <p class='ocr_par' dir='ltr' id='par_1_7' title="bbox 167 2857 367 2868">
     <span class='ocr_line' id='line_1_30' title="bbox 167 2857 367 2868; baseline 0.015 -5"><span class='ocrx_word' id='word_1_167' title='bbox 167 2857 367 2868; x_wconf 40' lang='lat' dir='ltr'>*q-</span> 
     </span>
    </p>
   </div>
   <div class='ocr_carea' id='block_1_6' title="bbox 161 3026 1083 3576">
    <p class='ocr_par' dir='ltr' id='par_1_8' title="bbox 161 3026 1083 3576">
     <span class='ocr_line' id='line_1_31' title="bbox 233 3026 1083 3096; baseline 0.018 -21"><span class='ocrx_word' id='word_1_168' title='bbox 233 3026 282 3076; x_wconf 82' lang='lat'>159</span> <span class='ocrx_word' id='word_1_169' title='bbox 304 3027 342 3076; x_wconf 84' lang='lat' dir='ltr'>Et</span> <span class='ocrx_word' id='word_1_170' title='bbox 366 3026 475 3091; x_wconf 89' lang='lat' dir='ltr'>quidem</span> <span class='ocrx_word' id='word_1_171' title='bbox 498 3028 547 3079; x_wconf 82' lang='lat' dir='ltr'>ER</span> <span class='ocrx_word' id='word_1_172' title='bbox 574 3026 587 3095; x_wconf 79' lang='grc' dir='ltr'>[Ι</span> <span class='ocrx_word' id='word_1_173' title='bbox 617 3032 664 3080; x_wconf 90' lang='grc'>161</span> <span class='ocrx_word' id='word_1_174' title='bbox 690 3031 872 3096; x_wconf 72' lang='lat' dir='ltr'>Clytemestrae</span> <span class='ocrx_word' id='word_1_175' title='bbox 891 3038 954 3086; x_wconf 84' lang='lat' dir='ltr'>dant</span> <span class='ocrx_word' id='word_1_176' title='bbox 971 3041 1083 3090; x_wconf 79' lang='lat' dir='ltr'>nonnulli</span> 
     </span>
     <span class='ocr_line' id='line_1_32' title="bbox 162 3090 1082 3170; baseline 0.015 -28"><span class='ocrx_word' id='word_1_177' title='bbox 162 3093 229 3143; x_wconf 84' lang='lat' dir='ltr'>Pau.</span> <span class='ocrx_word' id='word_1_178' title='bbox 260 3090 272 3159; x_wconf 81' lang='grc' dir='ltr'>Η</span> <span class='ocrx_word' id='word_1_179' title='bbox 302 3097 350 3144; x_wconf 75' lang='grc'>169</span> <span class='ocrx_word' id='word_1_180' title='bbox 368 3095 452 3161; x_wconf 85' lang='lat' dir='ltr'>lengo</span> <span class='ocrx_word' id='word_1_181' title='bbox 471 3095 496 3144; x_wconf 85' lang='lat' dir='ltr'><em>E</em></span> <span class='ocrx_word' id='word_1_182' title='bbox 513 3095 628 3163; x_wconf 81' lang='lat' dir='ltr'>langore</span> <span class='ocrx_word' id='word_1_183' title='bbox 647 3099 672 3148; x_wconf 88' lang='lat' dir='ltr'><em>A</em></span> <span class='ocrx_word' id='word_1_184' title='bbox 702 3095 714 3166; x_wconf 80' lang='lat' dir='ltr'>ll</span> <span class='ocrx_word' id='word_1_185' title='bbox 743 3101 792 3151; x_wconf 88' lang='grc'>163</span> <span class='ocrx_word' id='word_1_186' title='bbox 810 3101 892 3166; x_wconf 85' lang='lat' dir='ltr'>Piget</span> <span class='ocrx_word' id='word_1_187' title='bbox 910 3104 1037 3170; x_wconf 88' lang='lat' dir='ltr'>doletque</span> <span class='ocrx_word' id='word_1_188' title='bbox 1057 3107 1082 3156; x_wconf 91' lang='grc' dir='ltr'><em>Ε</em></span> 
     </span>
     <span class='ocr_line' id='line_1_33' title="bbox 161 3158 1080 3238; baseline 0.016 -28"><span class='ocrx_word' id='word_1_189' title='bbox 161 3159 252 3211; x_wconf 87' lang='lat' dir='ltr'>Pudet</span> <span class='ocrx_word' id='word_1_190' title='bbox 269 3162 402 3228; x_wconf 79' lang='lat' dir='ltr'>pigetque</span> <span class='ocrx_word' id='word_1_191' title='bbox 420 3162 446 3212; x_wconf 86' lang='lat' dir='ltr'><em>A</em></span> <span class='ocrx_word' id='word_1_192' title='bbox 458 3158 471 3229; x_wconf 86' lang='grc' dir='ltr'>ΙΙ</span> <span class='ocrx_word' id='word_1_193' title='bbox 483 3165 533 3213; x_wconf 87' lang='grc'>164</span> <span class='ocrx_word' id='word_1_194' title='bbox 550 3167 646 3230; x_wconf 87' lang='lat' dir='ltr'>peperi</span> <span class='ocrx_word' id='word_1_195' title='bbox 664 3168 690 3217; x_wconf 92' lang='grc' dir='ltr'><em>Ε</em></span> <span class='ocrx_word' id='word_1_196' title='bbox 699 3183 717 3232; x_wconf 75' lang='lat' dir='ltr'>q</span> <span class='ocrx_word' id='word_1_197' title='bbox 735 3172 843 3234; x_wconf 86' lang='lat' dir='ltr'>peperit</span> <span class='ocrx_word' id='word_1_198' title='bbox 860 3172 884 3220; x_wconf 85' lang='lat' dir='ltr'><em>A</em></span> <span class='ocrx_word' id='word_1_199' title='bbox 896 3167 909 3238; x_wconf 82' lang='grc' dir='ltr'>Η</span> <span class='ocrx_word' id='word_1_200' title='bbox 926 3173 974 3223; x_wconf 91' lang='grc'>167</span> <span class='ocrx_word' id='word_1_201' title='bbox 993 3176 1080 3224; x_wconf 86' lang='lat' dir='ltr'>sacri-</span> 
     </span>
     <span class='ocr_line' id='line_1_34' title="bbox 161 3227 1079 3304; baseline 0.019 -27"><span class='ocrx_word' id='word_1_202' title='bbox 161 3227 213 3280; x_wconf 83' lang='lat' dir='ltr'>fico</span> <span class='ocrx_word' id='word_1_203' title='bbox 233 3229 284 3279; x_wconf 83' lang='grc' dir='ltr'>ΕΑ</span> <span class='ocrx_word' id='word_1_204' title='bbox 304 3231 444 3297; x_wconf 84' lang='lat' dir='ltr'>sacrilego</span> <span class='ocrx_word' id='word_1_205' title='bbox 461 3227 571 3296; x_wconf 69' lang='grc'><strong>1611166</strong></span> <span class='ocrx_word' id='word_1_206' title='bbox 589 3235 678 3296; x_wconf 77' lang='lat' dir='ltr'>Quam</span> <span class='ocrx_word' id='word_1_207' title='bbox 694 3235 720 3284; x_wconf 85' lang='lat' dir='ltr'><em>E</em></span> <span class='ocrx_word' id='word_1_208' title='bbox 739 3237 828 3299; x_wconf 77' lang='lat' dir='ltr'>Quasi</span> <span class='ocrx_word' id='word_1_209' title='bbox 844 3241 869 3286; x_wconf 92' lang='lat' dir='ltr'><em>A</em></span> <span class='ocrx_word' id='word_1_210' title='bbox 882 3237 894 3304; x_wconf 85' lang='grc' dir='ltr'>ΙΙ</span> <span class='ocrx_word' id='word_1_211' title='bbox 907 3242 954 3290; x_wconf 81' lang='grc'>172</span> <span class='ocrx_word' id='word_1_212' title='bbox 972 3241 1079 3294; x_wconf 86' lang='lat' dir='ltr'><strong>NVTR.</strong></span> 
     </span>
     <span class='ocr_line' id='line_1_35' title="bbox 162 3295 1078 3374; baseline 0.016 -30"><span class='ocrx_word' id='word_1_213' title='bbox 162 3295 187 3344; x_wconf 84' lang='lat' dir='ltr'><em>A</em></span> <span class='ocrx_word' id='word_1_214' title='bbox 201 3313 247 3348; x_wconf 86' lang='lat' dir='ltr'>om.</span> <span class='ocrx_word' id='word_1_215' title='bbox 261 3297 322 3363; x_wconf 84' lang='grc' dir='ltr'>Εψ</span> <span class='ocrx_word' id='word_1_216' title='bbox 345 3295 357 3366; x_wconf 83' lang='grc' dir='ltr'>ΙΙ</span> <span class='ocrx_word' id='word_1_217' title='bbox 380 3299 457 3350; x_wconf 85' lang='lat' dir='ltr'>bella</span> <span class='ocrx_word' id='word_1_218' title='bbox 475 3299 500 3347; x_wconf 90' lang='grc' dir='ltr'><em>Ε</em></span> <span class='ocrx_word' id='word_1_219' title='bbox 522 3300 588 3351; x_wconf 82' lang='lat' dir='ltr'>uela</span> <span class='ocrx_word' id='word_1_220' title='bbox 605 3302 630 3351; x_wconf 93' lang='lat' dir='ltr'><em>A</em></span> <span class='ocrx_word' id='word_1_221' title='bbox 654 3299 665 3368; x_wconf 88' lang='grc' dir='ltr'>ΙΙ</span> <span class='ocrx_word' id='word_1_222' title='bbox 695 3305 743 3354; x_wconf 88' lang='grc'>173</span> <span class='ocrx_word' id='word_1_223' title='bbox 762 3303 865 3356; x_wconf 82' lang='lat' dir='ltr'><strong>CLYT.</strong></span> <span class='ocrx_word' id='word_1_224' title='bbox 885 3309 1045 3374; x_wconf 58' lang='lat' dir='ltr'>Aeaeo</span> <span class='ocrx_word' id='word_1_225' title='bbox 1066 3311 1078 3374; x_wconf 79' lang='lat' dir='ltr'>ll</span> 
     </span>
     <span class='ocr_line' id='line_1_36' title="bbox 163 3363 1080 3441; baseline 0.016 -30"><span class='ocrx_word' id='word_1_226' title='bbox 163 3364 212 3412; x_wconf 87' lang='grc'>174</span> <span class='ocrx_word' id='word_1_227' title='bbox 230 3365 285 3417; x_wconf 82' lang='lat' dir='ltr'>clio</span> <span class='ocrx_word' id='word_1_228' title='bbox 304 3367 330 3416; x_wconf 88' lang='grc' dir='ltr'><em>Ε</em></span> <span class='ocrx_word' id='word_1_229' title='bbox 352 3367 432 3417; x_wconf 76' lang='lat' dir='ltr'>Aulio</span> <span class='ocrx_word' id='word_1_230' title='bbox 450 3367 475 3416; x_wconf 88' lang='grc' dir='ltr'><em>Α</em></span> <span class='ocrx_word' id='word_1_231' title='bbox 499 3363 512 3430; x_wconf 80' lang='lat' dir='ltr'>ll</span> <span class='ocrx_word' id='word_1_232' title='bbox 536 3370 584 3420; x_wconf 92' lang='grc'><strong>176</strong></span> <span class='ocrx_word' id='word_1_233' title='bbox 599 3377 661 3435; x_wconf 85' lang='lat' dir='ltr'>post</span> <span class='ocrx_word' id='word_1_234' title='bbox 678 3389 702 3422; x_wconf 85' lang='lat' dir='ltr'>u.</span> <span class='ocrx_word' id='word_1_235' title='bbox 723 3373 771 3422; x_wconf 93' lang='grc'><strong>177</strong></span> <span class='ocrx_word' id='word_1_236' title='bbox 789 3373 852 3423; x_wconf 83' lang='grc'><strong>1116</strong></span> <span class='ocrx_word' id='word_1_237' title='bbox 870 3376 954 3424; x_wconf 69' lang='lat' dir='ltr'>deleat·</span> <span class='ocrx_word' id='word_1_238' title='bbox 967 3385 1080 3441; x_wconf 83' lang='lat' dir='ltr'>propter</span> 
     </span>
     <span class='ocr_line' id='line_1_37' title="bbox 161 3431 1080 3510; baseline 0.02 -32"><span class='ocrx_word' id='word_1_239' title='bbox 161 3446 202 3482; x_wconf 84' lang='lat' dir='ltr'>uu.</span> <span class='ocrx_word' id='word_1_240' title='bbox 223 3432 340 3485; x_wconf 87' lang='grc'><strong>178190</strong></span> <span class='ocrx_word' id='word_1_241' title='bbox 360 3431 439 3502; x_wconf 77' lang='lat'>1921]</span> <span class='ocrx_word' id='word_1_242' title='bbox 461 3438 510 3488; x_wconf 93' lang='grc'>177</span> <span class='ocrx_word' id='word_1_243' title='bbox 528 3438 604 3488; x_wconf 80' lang='lat' dir='ltr'>senis</span> <span class='ocrx_word' id='word_1_244' title='bbox 621 3438 784 3503; x_wconf 66' lang='lat' dir='ltr'>Elimque.</span> <span class='ocrx_word' id='word_1_245' title='bbox 795 3457 839 3505; x_wconf 82' lang='lat' dir='ltr'>pr.</span> <span class='ocrx_word' id='word_1_246' title='bbox 860 3441 937 3493; x_wconf 84' lang='lat' dir='ltr'>ducis</span> <span class='ocrx_word' id='word_1_247' title='bbox 956 3444 981 3492; x_wconf 92' lang='lat' dir='ltr'><em>A</em></span> <span class='ocrx_word' id='word_1_248' title='bbox 998 3439 1009 3510; x_wconf 83' lang='grc' dir='ltr'>ΙΙ</span> <span class='ocrx_word' id='word_1_249' title='bbox 1032 3447 1080 3496; x_wconf 87' lang='grc'>178</span> 
     </span>
     <span class='ocr_line' id='line_1_38' title="bbox 161 3496 1079 3576; baseline 0.019 -30"><span class='ocrx_word' id='word_1_250' title='bbox 161 3496 334 3565; x_wconf 78' lang='lat' dir='ltr'>Ardoremqt</span> <span class='ocrx_word' id='word_1_251' title='bbox 357 3498 369 3568; x_wconf 78' lang='grc' dir='ltr'>ΙΙ</span> <span class='ocrx_word' id='word_1_252' title='bbox 392 3506 542 3568; x_wconf 76' lang='lat' dir='ltr'>tentumap</span> <span class='ocrx_word' id='word_1_253' title='bbox 565 3500 577 3570; x_wconf 81' lang='grc' dir='ltr'>ΙΙ</span> <span class='ocrx_word' id='word_1_254' title='bbox 600 3505 694 3556; x_wconf 79' lang='lat' dir='ltr'>ferens</span> <span class='ocrx_word' id='word_1_255' title='bbox 711 3515 736 3571; x_wconf 69' lang='lat' dir='ltr'>ap</span> <span class='ocrx_word' id='word_1_256' title='bbox 756 3503 768 3574; x_wconf 77' lang='lat' dir='ltr'>ll</span> <span class='ocrx_word' id='word_1_257' title='bbox 792 3511 840 3561; x_wconf 88' lang='grc'>179</span> <span class='ocrx_word' id='word_1_258' title='bbox 858 3510 1008 3562; x_wconf 83' lang='lat' dir='ltr'>indomitis</span> <span class='ocrx_word' id='word_1_259' title='bbox 1028 3527 1046 3562; x_wconf 83' lang='lat' dir='ltr'>ee</span> <span class='ocrx_word' id='word_1_260' title='bbox 1066 3514 1079 3576; x_wconf 80' lang='grc'>11</span> 
     </span>
    </p>
   </div>
   <div class='ocr_carea' id='block_1_7' title="bbox 0 0 1250 3984">
    <p class='ocr_par' dir='ltr' id='par_1_9' title="bbox 0 0 1250 3984">
     <span class='ocr_line' id='line_1_39' title="bbox 0 0 1250 3984; baseline 0 2"><span class='ocrx_word' id='word_1_261' title='bbox 0 0 1250 3984; x_wconf 95' lang='lat' dir='ltr'> </span> 
     </span>
    </p>
   </div>
  </div>
 </body>
</html>
