2502 3978
187 171 250 237 112
469 186 500 234 u.
518 185 653 234 11111111
671 182 828 232 sunnone

187 328 281 390 erexit
296 324 385 386 altam
400 324 498 385 ironte
513 323 655 384 uiridanti
670 322 784 391 iubam,

186 419 264 474 stant
279 409 414 489 hispidae
430 409 527 478 auris,
544 407 667 468 orbibus
682 409 783 468 uarius
798 405 880 468 eolor

187 506 216 559 et
231 514 319 576 quem
336 495 391 556 ieri
407 494 574 554 dominator
589 492 740 554 habuisset
755 491 854 570 gregis

186 590 215 644 et
230 598 317 660 quem
334 577 389 640 sub
405 577 492 638 undis
507 583 628 656 gnatus,
644 577 713 638 hino
728 576 1034 654 dammamuomunt,

187 664 298 749 [ocuti]
315 663 385 724 hinc
400 661 534 724 relucent
549 661 666 724 caerula
682 662 813 740 insignes
825 669 896 721 *nota
988 681 995 691 ·
1132 667 1195 717 1050

185 767 334 828 naresque
348 745 456 809 hiuleis
470 746 624 808 haustibus
638 745 756 827 patulae
771 745 909 807 tremunt.
1123 751 1200 801 1052

151 836 177 895 ι’
232 834 336 914 Opima
351 832 454 894 ceruix
468 833 577 893 arduos
592 830 668 892 tollit
682 842 778 900 toros,
1123 837 1198 886 1061

186 938 289 983 museo
305 919 402 979 tenaci
417 925 522 995 peetus
538 935 572 977 ao
587 916 688 996 palear
703 918 794 984 uiret,
1132 923 1193 972 1053

185 1005 308 1083 longum
325 1003 452 1064 rubente
468 1003 617 1080 spargitur
635 1001 703 1062 iuoo
719 1000 812 1070 latus,

185 1098 249 1151 tum
264 1106 343 1168 pone
358 1094 460 1166 tergus
475 1085 577 1147 ultima
592 1088 623 1146 in
638 1093 804 1146 monstrum
821 1084 879 1145 ooit
1042 1110 1049 1120 ·
1129 1092 1193 1142 1055

186 1175 278 1236 iacies
294 1181 323 1234 et
337 1173 441 1250 ingens
457 1170 543 1232 belua
560 1172 724 1232 inmensam
740 1169 832 1230 trahit

187 1275 344 1338 squamosa
359 1262 484 1336 partem.
516 1254 580 1316 talis
596 1262 729 1317 extremo
744 1256 820 1316 mari

186 1345 291 1424 pistrix
308 1343 410 1403 citatas
425 1340 528 1401 sorbet
543 1347 593 1402 aut
607 1340 717 1419 trangit
731 1347 820 1400 rates.

153 1455 170 1488 e
230 1428 395 1488 Tremuere
409 1432 522 1494 terrae,
539 1425 614 1504 luglt
628 1427 784 1486 attonitum
800 1440 892 1503 pecus

187 1515 295 1598 passim
312 1529 366 1592 per
382 1528 470 1589 agros
485 1527 541 1570 neo
557 1528 627 1570 suos
642 1517 744 1590 pastor
759 1510 845 1588 sequi

186 1599 322 1660 meminit
336 1597 495 1665 iuueneos,
512 1595 609 1656 omnis
625 1613 641 1655 e
656 1594 733 1655 saltu
748 1594 813 1654 iera

187 1683 317 1760 diffugit,
334 1681 430 1741 omnis
445 1679 553 1756 frigido
570 1681 728 1757 exsanguis
742 1685 824 1739 metu

190 1774 315 1829 uenator
331 1765 444 1826 horret.
475 1763 544 1824 solis
559 1765 688 1824 inmunis
703 1770 783 1823 metu

189 1849 367 1931 Hippolytus
383 1849 455 1908 artis
471 1850 601 1908 eontinet
616 1848 709 1908 irenis
726 1864 819 1923 equos

187 1936 370 2015 pauidosque
385 1938 473 1993 notae
488 1934 572 1993 uocis
587 1931 706 1992 hortatu
722 1933 788 1993 ciet.

155 2023 180 2080 α’
233 2019 286 2080 Est
301 2017 356 2079 alta
373 2017 410 2077 ad
425 2021 519 2092 Argos
535 2015 659 2077 eollibus
674 2017 770 2095 ruptis
785 2017 832 2088 uia
853 2045 859 2058 ·

188 2105 285 2166 uicina
300 2110 426 2181 tangens
441 2103 533 2180 spatia
549 2103 692 2181 suppositi
708 2102 807 2161 maris.

187 2189 236 2249 hie
251 2205 283 2249 se
298 2185 348 2247 illa
363 2185 458 2246 moles
473 2187 551 2246 aouit
566 2194 654 2264 atque
669 2187 730 2246 iras
746 2194 839 2263 parat.

188 2280 221 2335 ut
236 2273 316 2352 oepit
330 2273 445 2332 animos
460 2288 552 2348 seque
567 2278 789 2349 praetemptans
804 2271 876 2331 satis

188 2355 315 2438 prolusit
328 2357 406 2424 irae,
429 2356 563 2434 praepeti
580 2373 669 2416 eursu
685 2354 783 2416 euolat

189 2459 335 2503 summanr
351 2441 440 2500 citato
455 2441 504 2499 uix
520 2439 613 2516 gradu
629 2446 754 2516 tangens
769 2439 891 2499 humum

190 2534 219 2588 et
233 2535 319 2586 torua
336 2541 442 2584 currus
458 2530 525 2584 ante
541 2523 724 2601 trepidantes
739 2524 828 2584 stetit.

259 2795 324 2844 1047
344 2792 471 2843 cornibus
483 2793 508 2842 A
528 2792 639 2842 orbibus
653 2791 678 2840 E
690 2798 701 2856 Η
715 2793 780 2843 1049
796 2793 883 2841 uomit
895 2793 921 2841 A
939 2787 1114 2854 1111111111Εο

191 2863 257 2912 1050
276 2861 350 2912 oculi
362 2861 427 2909 hine
439 2859 566 2910 relucent
582 2877 604 2910 co
623 2859 699 2910 oculi
716 2860 781 2910 inde
800 2859 896 2910 lucent
914 2877 933 2909 α
951 2862 977 2909 in
989 2861 1044 2909 ind.
1058 2874 1114 2909 err.

189 2945 275 2980 uocem
293 2928 404 2992 ‚oeuli‘‚
423 2943 496 2992 quam
514 2943 549 2978 em
560 2929 672 2992 margine
690 2929 830 2991 inrepsisse
842 2935 914 2978 reete
928 2927 1010 2978 Gron.
1026 2927 1114 2990 1111ρί-

189 3005 262 3047 satus
274 3003 321 3058 est,
340 2997 439 3046 sustuli.
457 2998 564 3059 scripsit
578 3003 658 3060 poeta
675 2999 717 3044 uel
734 2999 763 3046 et
774 2995 841 3045 hine
859 2998 901 3045 aet
918 2995 1000 3044 illine
1018 2997 1060 3044 aet
1077 2995 1114 3042 si·

189 3065 246 3114 mile
266 3065 328 3130 quid
355 3059 367 3128 ss
399 3063 464 3112 1052
483 3070 542 3113 ante
560 3080 584 3114 u.
605 3064 669 3113 1051
688 3067 763 3126 posui
779 3080 833 3112 cum
851 3063 979 3114 Swoboda
1002 3057 1015 3129 ΙΙ
1045 3062 1115 3112 1053

189 3146 237 3184 om.
255 3132 280 3181 E
304 3127 394 3197 11058
414 3134 463 3178 aut
479 3131 531 3179 EA
550 3147 584 3179 ae
603 3130 651 3180 Bo.
671 3146 725 3180 eam
746 3131 839 3181 Vltrai.
852 3127 865 3197 ss
880 3129 972 3180 reddit
990 3131 1017 3180 A
1036 3131 1114 3180 fran-

190 3199 231 3263 git
248 3195 294 3264 ΕΙ
323 3199 388 3248 1062
407 3196 537 3247 discessit
554 3199 579 3247 A
598 3197 707 3263 diffugit
725 3199 750 3248 E
762 3196 774 3264 Η
793 3201 859 3249 1054
878 3194 1029 3264 eontinesss
1047 3198 1115 3259 (tin

190 3281 242 3315 ras.
261 3282 277 3315 a
289 3269 314 3315 2.
333 3265 376 3325 111.)
395 3265 421 3313 Ε
437 3261 450 3330 Η
466 3266 531 3315 1066
550 3280 631 3330 agros
644 3264 669 3313 Ε
686 3266 774 3331 Argos
788 3267 813 3316 A
831 3266 926 3331 Earip.
946 3265 1032 3330 Hipp.
1046 3266 1117 3314 1197

191 3329 245 3391 τὴν
264 3330 347 3382 εὐθὺς
365 3329 684 3396 Ἀργουρκὰπιδαυρίαε
702 3331 811 3399 556111
842 3334 907 3384 1061
925 3333 1015 3382 uicini
1026 3333 1053 3382 Ε
1070 3332 1116 3380 ui·
1169 3333 1176 3346 '

193 3395 318 3511 ‹gitnpoffl
334 3401 401 3529 {3th
412 3399 548 3464 praelusit
561 3401 586 3448 A
604 3401 724 3464 prolusit
735 3402 785 3467 Εψ
803 3399 814 3468 ΙΙ
832 3404 897 3452 1072
916 3405 1070 3464 toruusque
1088 3401 1116 3450 A
