2502 3978
168 167 230 234 180
350 184 382 231 n.
399 183 533 231 sunum
548 181 704 231 snnncnn
720 181 897 230 Pannona·

168 322 337 386 miserande
352 330 464 384 maesto
480 329 602 400 pectore
616 321 793 382 incumbens
807 322 886 382 ioue.

168 408 289 470 disiecta
304 409 420 487 genitor
435 406 569 468 membra
583 405 675 467 laceri
690 407 825 485 corporis

168 495 199 553 in
214 492 350 554 ordinem
365 492 489 571 dispone
506 499 536 552 et
550 499 687 552 errantes
703 489 768 551 loco

167 580 290 639 restitue
305 584 445 655 partes.
475 576 561 636 fortis
575 575 624 636 hic
639 575 760 637 dextrae
774 573 874 645 locus,

168 664 217 723 hio
233 661 317 723 laeua
333 660 425 723 frenis
440 660 525 722 docta
542 660 730 721 moderandis
746 678 860 722 manus.

170 744 344 827 [ponendo.
376 749 460 807 laeui
473 749 578 807 lutens
592 742 853 827 oecononum]

168 849 256 912 quam
272 847 378 909 magna
393 829 524 891 lacrimis
539 847 609 908 pars
624 828 720 891 adhuc
735 831 845 890 nostris
860 828 952 891 abest.
1110 839 1175 888 nanu

135 915 169 973 <1⁰
214 915 323 977 Durate
338 915 471 993 trepidae
486 913 605 991 lugubri
621 913 716 974 officio
732 932 838 975 manus

168 1000 315 1078 fletusque
330 998 429 1076 largos
445 1000 551 1069 sistite,
568 1006 687 1060 arentes
702 1015 808 1076 genae,
1009 1011 1160 1054 nsxxxvl

170 1084 240 1145 dum
256 1083 391 1144 membra
406 1090 476 1145 nato
492 1084 608 1162 genitor
623 1082 800 1144 adnumerat
814 1101 868 1144 suo

172 1185 341 1248 corpusque
356 1169 448 1247 tingit.
481 1168 539 1228 hoc
554 1169 624 1248 qnid
639 1175 684 1228 est
702 1168 797 1228 forma
814 1186 919 1230 carens

171 1259 200 1313 et
215 1252 410 1332 turpemulto
425 1251 550 1314 uulnere
566 1251 726 1329 abruptum
741 1252 891 1330 undique?
1109 1265 1174 1314 1275

170 1355 246 1415 quae
262 1355 348 1415 pars
363 1339 407 1397 tui
422 1338 460 1398 sit
475 1336 592 1407 dubito,
608 1336 660 1398 sed
676 1353 745 1415 pars
761 1344 806 1398 est
821 1339 871 1398 tui.

170 1422 218 1482 hic
233 1422 282 1482 hic
296 1439 425 1500 repone,
441 1438 501 1482 non
517 1439 571 1482 suo
587 1428 617 1482 at
631 1439 726 1482 naono
742 1420 818 1482 loco.

136 1536 153 1570 a
213 1507 332 1567 llaecne
347 1504 396 1566 illa
412 1506 501 1567 iacies
514 1507 584 1584 igne
599 1504 717 1568 sidereo
733 1507 829 1567 nitens
945 1571 947 1576 ,

169 1592 288 1652 inimica
304 1591 429 1652 flectens
443 1590 573 1651 lumina?
595 1589 654 1650 hnc
670 1590 776 1652 cecidit
790 1590 899 1652 decor?

170 1693 187 1734 o
204 1675 269 1736 dira
283 1675 351 1736 fata.
381 1677 537 1736 numinum
553 1692 571 1735 o
585 1691 695 1736 saeuus
709 1675 804 1735 fauor.

169 1760 212 1820 sic
227 1760 263 1819 ad
279 1767 433 1837 parentem
449 1767 554 1835 gnatus
570 1777 604 1820 ex
620 1767 691 1818 noto
707 1759 801 1820 rediti

170 1861 206 1903 en
222 1843 297 1904 haec
312 1861 451 1921 suprema
467 1844 543 1903 dona
560 1844 703 1921 genitoris
719 1861 792 1923 cape

171 1945 259 2004 saepe
274 1928 454 1989 efferendus.
486 1928 603 1988 interim
619 1927 693 1988 haec
707 1929 791 2005 ignes
806 1928 912 1989 ferant.

136 2016 161 2076 a'
215 2011 375 2072 Patefacite
390 2011 499 2072 acerba
514 2011 605 2072 caede
620 2011 767 2072 funestam
781 2011 917 2073 domum:

170 2096 322 2174 Mopsopia
337 2094 425 2156 claris
440 2103 501 2157 tota
515 2096 653 2156 lamentis
668 2103 762 2156 sonet.

171 2197 226 2240 uos
242 2190 384 2257 apparate
399 2182 472 2259 regii
487 2180 635 2241 flammam
651 2182 731 2258 rogi,

172 2272 202 2324 at
216 2282 271 2324 nos
286 2283 341 2344 per
356 2283 444 2343 agros
460 2265 594 2343 corporis
608 2271 708 2341 partes
723 2281 814 2342 uagas

171 2349 319 2427 inquirite.
350 2351 434 2410 istam
451 2356 531 2410 terra
546 2348 694 2409 defossam
712 2356 828 2427 premat

172 2434 331 2511 granisque
346 2432 434 2494 tellus
449 2434 529 2513 inpio
545 2434 635 2510 capiti
650 2432 780 2493 incubet.

240 2601 306 2649 1266
320 2599 592 2650 enuntiaremus
604 2598 714 2650 CHOR.
727 2602 806 2651 om.A
816 2598 825 2667 11
835 2601 902 2651 1266
915 2604 1090 2666 ertantesEl
1162 2659 1166 2666 ,
1238 2611 1239 2622 ’

173 2667 238 2717 1267
256 2666 363 2716 humeri
374 2668 450 2718 loeus
463 2668 488 2717 A
506 2667 619 2718 dextrae
632 2667 709 2717 locus
721 2667 771 2731 Εψ
783 2664 795 2734 11
812 2671 878 2720 1268
896 2668 943 2718 hie
960 2668 1091 2734 dextram

171 2733 218 2784 hic
230 2735 314 2784 laeua
326 2735 371 2783 Εα
383 2730 395 2801 11
408 2736 474 2784 1269
486 2737 535 2784 del.
549 2735 614 2787 up,
627 2732 640 2798 11
653 2736 719 2784 1274
731 2735 841 2799 quidem
851 2738 876 2786 A
889 2736 956 2800 quid
964 2736 990 2785 E
1027 2740 1092 2788 fsto

172 2800 258 2850 multo
272 2805 301 2850 et
313 2802 337 2851 A
351 2801 436 2852 multo
449 2801 474 2850 E
485 2798 497 2866 11
514 2804 656 2853 ambesum
668 2803 694 2852 A
713 2803 859 2867 abruptum
873 2804 898 2852 Ε
907 2806 983 2857 Voss.
997 2800 1001 2870 1
1028 2807 1092 2856 1279

172 2867 219 2916 hic
231 2869 257 2918 A
270 2868 324 2918 hue
338 2876 380 2932 εψ
391 2865 403 2934 11
417 2868 482 2918 1280
493 2869 569 2918 furor
581 2869 605 2918 A
621 2869 701 2919 fauor
713 2870 739 2919 Ε
750 2865 761 2936 11
775 2873 840 2922 1282
853 2872 913 2921 Een
926 2873 952 2922 Ε
964 2867 976 2938 11
988 2877 1055 2923 nota
1067 2873 1091 2922 A

173 2933 244 2984 dona
257 2935 347 3001 emp
359 2933 370 3002 11
384 2936 449 2986 1284
461 2937 572 2986 funesta
585 2937 610 2985 Ε
627 2937 767 2986 funestam
780 2939 805 2988 A
817 2935 829 3005 11
843 2939 909 2990 1288
920 2940 1055 3003 inquirite
1068 2939 1093 2988 Ε

174 3003 310 3065 acquirite
330 3003 354 3052 A
374 3003 511 3067 anquirite
529 2999 577 3069 ψ11
595 3003 710 3054 MAROI
724 3029 731 3042 ·
745 3004 849 3057 LVCII
859 3032 870 3055 .·
883 3005 999 3058 ANNEI
1015 3032 1021 3045 ·
1037 3007 1093 3057 SE·

172 3068 293 3118 NECAE
314 3094 320 3107 ·
340 3069 514 3121 PHnnDRA
529 3095 535 3108 ·
550 3071 726 3122 EXPLICIT
741 3097 748 3110 ·
762 3073 966 3124 FELICITER
980 3099 987 3113 ·
1001 3073 1092 3126 INCI-

173 3135 234 3186 PIT
250 3161 256 3174 ·
271 3136 462 3189 OEDYPPVS
481 3137 505 3185 Ε
523 3135 534 3204 11
550 3137 673 3204 Explicit
695 3145 795 3203 quarta
818 3141 958 3206 Tragedia
977 3143 1093 3193 Senece.

174 3216 196 3252 s.
214 3203 328 3268 lpolita.
365 3203 486 3255 felicIter
504 3204 548 3254 die
565 3206 682 3256 Veneris
700 3206 811 3260 XXV10.
831 3210 935 3261 mensis
947 3209 1027 3274 Maij.
1045 3209 1093 3273 du)

174 3265 209 3334 cll>
221 3284 327 3338 Joharis
346 3288 429 3338 acuth
448 3304 508 3339 cum
521 3290 628 3354 gentsbj
641 3289 698 3355 lige
716 3288 744 3340 tt
762 3292 870 3344 hostil'r
883 3293 1020 3344 militaret
1037 3299 1092 3347 ter·

175 3356 284 3416 ntor-nup
302 3352 348 3404 dni
368 3355 456 3407 nostri
473 3356 546 3406 ultra
562 3352 751 3424 llsolrmrer-
770 3362 793 3411 If
822 3357 834 3427 11

538 3479 733 3490 -..
