2502 3978
553 192 718 239 runnnnn
1033 173 1092 239 151

140 332 162 392 f
221 333 314 404 Quam
332 334 411 392 uaria
427 331 478 392 leti
493 349 602 410 genera
620 331 775 392 mortalem
792 330 914 391 trahunt
929 329 936 344 “

177 425 363 496 carpuntque
379 417 514 485 turbam,
532 423 640 493 pontus
659 425 688 476 et
703 416 816 477 serrum
833 421 861 474 et
877 414 945 475 doli.

176 503 306 582 prouidit
321 500 369 562 ilie
384 503 530 561 maximus
545 501 648 561 mnndi
663 518 771 579 parens

177 605 244 648 oum
261 595 319 647 tam
335 603 458 664 rapaces
474 593 611 646 cerneret
625 585 675 645 sati
691 602 810 653 manus,
845 619 851 626 ·

177 679 211 732 ut
225 672 332 732 damna
347 688 466 754 semper
481 668 585 730 subole
600 677 756 748 repararet
770 687 859 730 noua.
890 731 894 738 ,

133 754 164 829 g'
220 755 277 816 Sed
293 755 351 816 iata
368 756 471 816 eredas
487 755 586 816 desse:
611 757 653 814 sic
669 765 762 815 atram
778 764 861 833 styga

176 841 234 901 iam
250 841 377 919 petimus
392 837 479 900 ultro.
511 839 653 900 caelibem
668 842 760 900 uitam
776 839 884 918 probet

176 924 284 986 sterilis
299 925 454 986 iduentus:
478 924 535 985 hoo
551 925 609 985 erit
624 924 764 1004 quioquid
780 924 863 984 uides

180 1011 268 1070 unius
283 1010 348 1070 aeui
363 1008 449 1069 turha
467 1017 495 1070 et
510 1010 539 1068 in
555 1016 649 1070 semet
664 1019 739 1070 ruet.

177 1094 302 1172 proinde
319 1095 395 1154 uitae
410 1111 537 1171 sequere
552 1102 688 1154 naturam
704 1095 823 1154 ducem:

112 1197 117 1200 ·
177 1178 285 1239 urbem
302 1178 455 1259 frequenta
472 1179 581 1239 ciuium
599 1188 700 1238 coetus
716 1177 789 1238 cole.
1110 1191 1162 1240 400

139 1270 172 1321 n⁰
226 1277 317 1322 ΗιΡΡ.
341 1263 405 1323 Non
422 1263 477 1323 alia
494 1265 588 1340 magis
603 1272 647 1324 est.
662 1262 753 1324 libera
770 1271 800 1322 et
814 1263 887 1322 uitio
904 1278 1010 1322 carens
1061 1267 1195 1316 mifflffl

177 1349 309 1425 ritusque
325 1346 431 1408 molins
447 1349 505 1407 nita
523 1367 597 1425 quae
613 1349 727 1426 priseos
743 1345 831 1416 uolat,

177 1450 265 1511 quam
281 1450 357 1511 quae
373 1431 482 1494 relictis
498 1431 653 1492 moenibus
668 1432 757 1493 siluas
773 1438 861 1492 amat.

147 1527 159 1574 i
221 1517 297 1578 Non
312 1515 417 1577 iilum
434 1535 542 1578 anarae
558 1519 664 1577 mentis
680 1517 841 1576 inflammat
856 1515 941 1576 inror

102 1653 108 1670 „
178 1601 274 1680 quise
290 1601 397 1662 dioauit
416 1603 559 1662 montium
575 1604 723 1664 insontem
739 1603 831 1677 iugis,

177 1703 238 1747 non
254 1703 324 1747 aura
341 1685 442 1765 popuii
458 1693 486 1746 et
500 1685 609 1761 uulgus
624 1686 746 1746 infidum
763 1684 849 1745 bonis
897 1723 901 1728 ·

178 1787 238 1830 non
253 1769 394 1847 pestilens
408 1771 518 1831 inuidia
536 1787 594 1830 non
611 1768 722 1848 fragilis
737 1770 832 1829 fauor.

146 1854 167 1913 i'
222 1854 300 1914 Non
315 1853 382 1916 ille
397 1873 491 1934 regno
506 1856 599 1916 seruit
614 1863 664 1915 aut
678 1843 771 1932 regno
786 1854 933 1914 inminens

176 1956 270 2000 uanos
285 1933 415 2000 honores
431 1942 566 2020 sequitur
581 1947 631 2000 aut
646 1939 740 2000 dunas
756 1956 828 2016 opes

177 2025 241 2101 spei
256 2033 411 2100 metusque
426 2024 511 2086 liber.
543 2025 622 2086 haud
637 2024 719 2084 illum
736 2025 821 2100 niger

177 2108 311 2189 edaxque
326 2108 403 2169 liuor
419 2109 507 2171 dente
523 2109 663 2187 degeneri
679 2110 759 2187 petit.

146 2203 167 2252 k
222 2192 284 2253 Nee
298 2193 411 2254 seelera
427 2193 554 2273 populos
569 2195 647 2255 inter
662 2201 750 2273 atque
765 2192 855 2253 urbes
871 2200 935 2254 sota

179 2279 262 2339 nouit
284 2296 340 2339 neo
356 2296 458 2340 omnes
474 2281 612 2346 conscius
627 2281 766 2356 strepitus
782 2285 872 2356 pauet

179 2370 230 2423 aut
245 2361 336 2422 uerba
353 2363 443 2440 tingit.
475 2362 554 2424 miile
571 2381 630 2424 non
647 2365 763 2443 quaerit
778 2364 837 2440 tegi

179 2447 263 2509 diues
280 2445 423 2506 columnis
439 2466 494 2508 nec
509 2447 609 2508 trabes
626 2447 717 2507 multo
734 2446 863 2506 insolens

179 2531 290 2608 suffigit
305 2548 388 2592 auro.
420 2550 478 2592 non
495 2550 584 2592 eruor
599 2531 700 2610 largus
715 2533 779 2610 pias

178 2615 303 2677 inundat
318 2634 384 2676 aras
399 2616 484 2694 fruge
500 2634 556 2677 nec
571 2622 665 2695 sparsi
681 2634 765 2676 saera

179 2709 303 2762 centena
319 2702 401 2760 niuei
417 2700 490 2762 oolla
506 2702 695 2762 summittunt
709 2700 812 2761 boues.

135 2785 166 2842 k'
222 2785 280 2846 Sed
296 2803 367 2846 rure
383 2805 478 2846 naono
494 2787 605 2863 potitur
621 2795 651 2848 et
665 2793 768 2864 aperto
784 2785 905 2846 aethere

178 2871 325 2931 innocuus
341 2877 430 2930 errat.
462 2869 586 2930 Callidas
601 2878 714 2932 tantum
730 2872 800 2930 ieris
1112 2878 1162 2927 510

178 2956 321 3015 struxisse
336 2956 457 3016 irandes
472 2958 556 3015 nouit
571 2963 599 3015 et
616 2955 710 3016 sessus
725 2958 809 3032 graui

246 3108 297 3157 475
316 3107 404 3157 minas
423 3109 447 3156 Α
472 3123 568 3158 manus
588 3108 612 3156 E
635 3105 646 3174 ΙΙ
669 3111 719 3158 470
739 3107 833 3158 sobole
856 3122 926 3156 corr.
945 3121 980 3155 ex
999 3105 1093 3154 subole
1189 3150 1195 3163 s

177 3205 211 3257 u*
226 3204 238 3274 [Ι
249 3210 300 3258 400
319 3183 396 3260 citus
413 3192 471 3274 n'p
491 3210 541 3259 493
559 3224 696 3273 quamque
716 3209 740 3257 n
757 3206 768 3275 p
784 3209 835 3258 eos
853 3207 977 3256 imminet
995 3207 1020 3255 A
1044 3207 1095 3255 rm-

177 3276 287 3326 miuens
304 3289 317 3326 ε
333 3274 347 3343 [l
363 3278 413 3326 499
431 3293 573 3342 uanosque
593 3275 699 3342 oc11502
718 3279 790 3326 inter
809 3279 892 3338 atque
911 3274 936 3323 E
954 3272 1014 3338 (titt.
1035 3279 1096 3326 erat

177 3359 229 3394 scr.
248 3360 279 3393 m.
299 3347 325 3393 2.
345 3347 371 3394 in
388 3346 457 3407 ras.)
481 3341 492 3410 ΙΙ
516 3348 570 3394 site
589 3362 610 3394 ω
629 3349 699 3394 sote
718 3345 793 3392 NHs.
811 3339 822 3408 ΙΙ
843 3345 893 3392 504
911 3342 983 3391 hand
1005 3341 1026 3391 Α
1047 3348 1096 3392 aut

178 3411 204 3460 E
220 3407 232 3474 ΙΙ
249 3413 299 3462 500
318 3411 443 3476 suffingit
461 3428 480 3462 α
504 3412 609 3462 suffieit
620 3413 645 3461 E
664 3411 769 3474 suffigit
786 3418 810 3472 op
830 3425 906 3472 ‚unus
923 3411 979 3459 eod.
999 3410 1097 3461 sufful-

180 3477 230 3528 cit‘
250 3478 318 3529 Bad.
344 3476 355 3546 Η
379 3482 427 3530 507
448 3495 546 3544 sparsa
565 3497 583 3529 n
603 3478 683 3542 (corr.
704 3482 729 3527 in
747 3480 799 3529 ind.
819 3476 884 3544 ern)
908 3474 922 3544 Η
