2502 3978
522 215 692 265 PHAEDRA

113 359 142 417 α’
279 359 511 441 [Lonquesount
520 357 602 431 solio
617 357 731 418 allilia
746 353 905 436 candido]

232 453 266 506 ut
281 453 383 522 gratae
399 443 487 523 capiti
503 441 644 502 deficiunt
660 458 763 501 comae

162 553 174 568 ,
232 537 262 589 et
277 527 375 606 fulgor
390 528 503 588 teneris
519 527 569 606 qui
584 526 679 586 radiat
694 526 777 602 genis

232 621 384 674 momento
400 614 514 691 rapitur
531 609 670 690 nullaque
686 627 746 670 non
763 609 826 669 dies

232 699 377 759 formonsi
391 696 517 778 spolium
533 697 669 776 eorporis
686 691 813 755 abstulit.

278 850 337 912 Res
352 850 509 911 est-forma
524 849 628 927 fugax:
652 849 718 928 quis
734 848 851 924 sapiens
866 845 945 907 bono

233 935 354 995 confidit
369 934 486 1013 fragili?
509 934 579 995 dum
595 933 665 993 licet
680 939 774 994 utere.
957 957 961 966 ·

233 1028 349 1098 tempus
364 1025 394 1080 te
408 1020 531 1080 tacitum
548 1018 672 1079 subruet
686 1017 821 1094 horaque

233 1122 352 1183 semper
366 1105 526 1183 praeterita
542 1104 674 1166 deterior
690 1101 779 1162 subit.

277 1257 353 1329 Quid
369 1256 486 1318 deserta
501 1256 594 1335 petisf
618 1256 708 1316 tutior
724 1255 800 1315 auiis

234 1359 296 1403 non
312 1349 356 1402 est
371 1341 466 1402 forma
481 1339 562 1402 loeis.
594 1347 623 1401 te
638 1357 763 1402 nemore
778 1337 880 1398 abdito

235 1445 304 1487 eum
319 1425 405 1487 Titan
420 1426 551 1487 medium
568 1426 721 1486 constituit
737 1425 815 1484 diem

235 1511 354 1590 fingent
367 1509 454 1572 turba
469 1509 563 1572 lieens
577 1510 685 1571 Naides
700 1507 845 1586 inprobae

157 1597 161 1602 '
235 1596 403 1656 formonsos
418 1595 522 1657 solitae
537 1593 676 1656 claudere
691 1592 831 1654 fontibus.

237 1924 267 1978 et
281 1916 392 1975 somnis
408 1914 518 1974 facient
533 1912 653 1974 insidias
668 1914 727 1974 tuis
816 1946 824 1960 =

236 1999 364 2060 lasciuae
378 2016 534 2059 nemorum
555 2033 590 2042 -
609 2044 639 2058 ..
661 2033 695 2043 —
715 1998 787 2058 deae

236 2086 331 2146 Penas
347 2101 423 2163 quae
437 2082 568 2162 Dryades
584 2084 770 2161 montiuagos
785 2090 900 2162 petunt.

223 2241 226 2246 '
280 2239 338 2297 Aut
352 2243 381 2296 te
396 2233 538 2296 stellifero
553 2235 719 2315 despiciens
734 2234 805 2317 polo
852 2213 854 2219 ⁵

237 2321 318 2382 sidus
334 2319 400 2398 post
415 2327 533 2380 ueteres
542 2320 678 2382 'Arcadas
695 2319 806 2380 editum

239 2423 344 2466 currus
358 2423 418 2465 non
434 2406 544 2482 poterit
559 2403 680 2466 flectere
695 2404 836 2466 candidos
1090 2415 1140 2466 795

107 2669 109 2672 ,
222 2625 271 2675 776
295 2623 364 2674 folio
387 2621 448 2672 lilia
468 2624 493 2670 A
525 2622 592 2674 folio
615 2626 646 2672 ut
666 2621 728 2672 lilio
751 2623 776 2672 E
806 2623 874 2674 folio
900 2627 932 2672 el
955 2622 1016 2673 lilia
1041 2624 1071 2674 oi.

152 2688 253 2756 droul
272 2690 378 2757 pallido
389 2691 415 2741 A
434 2690 552 2741 eandido
571 2689 597 2739 Ε
614 2705 714 2740 ueram
731 2692 815 2741 delesti
836 2686 849 2758 ΙΙ
871 2691 921 2743 777
939 2696 968 2744 et
985 2709 1006 2742 ω
1037 2696 1073 2741 ut

149 2761 248 2825 scripsi
265 2756 399 2825 {rosaeA
418 2754 576 2825 eomeeEll
588 2759 638 2809 778
656 2762 720 2810 uto
738 2763 772 2808 et
789 2761 884 2824 scripsi
893 2756 906 2826 {l
918 2753 1070 2825 genirslfll

151 2829 204 2879 782
223 2826 336 2878 confidit
354 2827 403 2891 Εψ
422 2825 544 2877 confidet
557 2822 661 2894 α11783
680 2831 787 2892 tempus
806 2827 855 2877 sed
875 2829 898 2876 A
918 2832 1024 2896 tempus
1044 2835 1072 2883 te

150 2896 180 2946 E
202 2897 278 2947 Voss.
294 2892 308 2962 ss
323 2894 432 2945 subruit
449 2895 474 2942 A
493 2894 607 2945 subruet
623 2895 673 2957 Εψ
690 2891 702 2960 Η
721 2897 770 2946 786
790 2894 913 2946 abditum
931 2898 956 2945 A
976 2898 1072 2951 abdito

151 2964 180 3014 Ε
208 2959 220 3032 ΙΙ
249 2963 299 3014 788
324 2963 419 3028 cinget
446 2965 471 3012 A
506 2963 620 3028 einguet
646 2963 672 3011 Ε
703 2965 836 3027 cingent,
865 2965 948 3015 turba
972 2967 1070 3033 licens,

149 3034 249 3096 scripsi
259 3027 270 3096 ll
282 3030 398 3080 naiades
416 3030 441 3079 A
458 3031 557 3080 naides
576 3031 600 3079 Ε
612 3027 624 3097 ll
637 3033 687 3081 790
704 3033 809 3082 duorum
826 3047 942 3083 naucum
959 3037 1073 3084 lacunam

152 3102 241 3151 statui.
265 3099 300 3162 cf.
320 3100 356 3148 ad
372 3113 491 3164 uereqq.
520 3095 533 3166 ΙΙ
562 3100 610 3150 791
629 3098 756 3150 lasciuae
774 3115 916 3151 nemorum
935 3101 1004 3152 deae
1022 3101 1072 3165 Εψ

151 3167 280 3217 lasciuae
298 3181 438 3217 nemorum
451 3167 630 3231 montiuegee
649 3165 717 3216 deee
737 3185 756 3217 α
773 3183 873 3218 nereum
889 3170 927 3219 sic
944 3172 1073 3234 suppleuit

152 3235 234 3287 R.P.:
253 3235 323 3286 lese.
342 3249 372 3283 n.
390 3232 617 3285 frondiferum
635 3234 714 3289 deae.
739 3236 773 3284 In
785 3237 847 3285 1310
856 3244 918 3300 post
935 3238 959 3286 lr.
972 3255 996 3289 u.
1011 3253 1073 3301 epa-

152 3304 213 3352 tium
231 3317 335 3352 vamum
353 3304 425 3352 unius
442 3298 555 3369 uereuess
567 3304 616 3354 792
634 3304 842 3368 montiuagique
859 3319 947 3368 penes
963 3303 967 3371 l
984 3320 1072 3370 panas

88 3371 92 3376 '
153 3385 227 3436 quae
247 3367 327 3434 (ques
339 3369 373 3436 R)
393 3367 503 3420 driades
523 3370 578 3435 (us
596 3366 630 3433 R)
649 3372 822 3435 montiuagos
840 3375 939 3436 petunt
955 3381 979 3436 ψ
998 3389 1070 3423 mon-

151 3437 300 3504 tiuagique
314 3453 458 3503 panesoom.
471 3438 518 3488 Εα
535 3453 622 3504 penes
641 3453 709 3502 ques
723 3438 834 3489 driades
852 3441 1006 3507 montiuagi
1024 3458 1071 3507 pe-

152 3509 218 3555 tunt
236 3522 255 3555 α
274 3520 417 3572 panesque
435 3505 546 3556 driades
565 3506 741 3572 montiuegos
759 3511 858 3570 petunt
876 3507 902 3558 Ε
925 3504 937 3574 ΙΙ

208 3605 331 3641 sausoure
346 3606 429 3643 ruse.
825 3590 865 3651 11
