2490 3984
537 229 735 278 Aeuuuuuc
1033 219 1093 281 351

155 398 156 403 1
221 380 329 430 Auum.
354 368 538 430 Veneremur
554 388 644 429 eree.
892 423 894 428 .

179 466 251 513 CAS.
676 454 782 514 cecidit
797 461 864 514 anie
881 472 962 514 eras
981 465 1071 533 peter.

221 551 329 599 AGAM.
353 539 479 598 leuem
496 556 654 616 precemur
669 541 790 617 pariter.

179 636 250 682 cue.
797 624 937 684 irerceum
952 625 1095 686 Iouem?
1113 640 1163 689 830

221 720 328 768 Aoum.
354 707 456 770 Credis
471 707 575 769 uidere
591 716 620 768 te
636 707 764 767 ilium?

179 805 252 852 uus,
748 800 776 852 et
791 793 979 854 Priamum
996 795 1092 854 simui.

221 889 330 937 Auum.
353 877 407 938 Hic
422 878 533 938 Troia
551 896 610 937 mm
627 884 679 937 est.

178 975 251 1023 cus,
576 961 686 1022 Helene
705 961 755 1022 ubi
773 970 831 1032 est,
849 961 994 1023 Troiam
1011 972 1092 1042 puio.

219 1059 329 1106 Auum.
353 1047 396 1106 Ne
412 1055 512 1108 metue
528 1046 675 1106 domiuum
693 1046 838 1107 famule.

177 1144 249 1191 CAS.
823 1131 985 1193 libertas
1002 1134 1091 1196 adesi.

219 1229 327 1276 Auum.
353 1216 492 1277 Secura
510 1217 588 1277 uiue.

176 1312 248 1360 ces.
614 1301 684 1360 mihi
701 1302 777 1361 mori
794 1308 839 1361 esi
853 1303 1048 1362 securitas

220 1397 327 1444 Auum.
352 1383 470 1444 Nullum
489 1394 533 1444 est
549 1385 692 1463 periclum
709 1385 867 1446 tibimet.
1112 1402 1161 1452 835

177 1481 249 1528 cus.
811 1481 840 1530 et
855 1487 994 1547 maguum
1013 1470 1090 1530 ribi.

219 1565 328 1612 AGAM.
354 1554 452 1612 Victor
468 1554 602 1613 timere
619 1554 688 1631 quid
704 1554 820 1632 potest?

176 1637 249 1696 (ius.
807 1637 885 1715 quod
901 1653 960 1697 uon
977 1638 1090 1698 timei.

219 1817 328 1864 Aoum.
354 1805 436 1864 Hauc
452 1804 510 1864 fida
532 1802 634 1864 famuli
651 1804 736 1864 turba
753 1805 822 1865 dum
844 1805 971 1866 excutiat
988 1806 1090 1877 deum,

176 1890 315 1959 retinete,
332 1908 370 1948 ue
387 1889 456 1967 quid
473 1891 610 1966 iupcieus
626 1897 731 1965 peccet
746 1890 838 1950 furor.

218 1973 254 2032 Αι
269 1980 297 2034 ie
313 1982 396 2051 paier
412 1974 460 2053 qui
477 1980 703 2053 saeuetcrques
718 1973 839 2034 iuimiue

176 2057 319 2135 pellisque
334 2058 446 2128 nubes,
460 2059 556 2120 sidera
573 2066 602 2119 ei
619 2067 713 2118 terras
728 2061 824 2136 regis,

175 2143 210 2204 ad
228 2161 316 2221 quem
332 2143 476 2222 triumphi
491 2143 584 2223 spolia
601 2145 728 2204 uictores
743 2144 858 2215 ierunt,

175 2236 203 2288 et
219 2235 247 2287 te
263 2247 398 2289 sorerem
414 2235 518 2290 cuncte
535 2226 672 2308 polientis
689 2229 745 2288 uiri

173 2311 303 2389 argolica
317 2313 390 2374 que
405 2331 515 2391 pecore
532 2315 632 2374 uciiuc
648 2312 743 2373 iibens

173 2397 362 2478 Arabumque
378 2400 462 2458 donis
478 2396 610 2476 supplice
627 2404 656 2458 et
670 2396 744 2456 libra
761 2396 866 2458 coium.

240 2839 291 2888 830
303 2836 431 2902 herceum
443 2837 468 2886 Ε
480 2838 618 2888 Herceum
630 2838 655 2886 A
669 2836 826 2886 herculeum
840 2844 863 2900 ψ
875 2832 887 2903 Η
899 2839 947 2890 831
963 2841 991 2887 et
1002 2841 1090 2890 delen·

174 2906 231 2953 dnm
243 2912 329 2954 censer
342 2905 394 2955 GR.
414 2901 425 2970 Η
443 2906 492 2955 832
505 2905 559 2955 Vbi
570 2905 680 2955 Helena
694 2907 736 2954 est
748 2922 769 2954 ω
786 2905 821 2954 Η.
835 2905 883 2954 ubi
896 2909 939 2954 est
950 2904 1058 2958 BSclrm.
1075 2907 1079 2968 Ι

173 2973 223 3024 834
241 2971 308 3021 mihi
326 2972 394 3022 mori
404 2977 456 3022 'est
473 2973 498 3022 Ε
516 2987 587 3022 mors
600 2972 668 3022 mihi
681 2977 723 3022 est
737 2973 761 3021 Α
774 2969 785 3038 ΙΙ
797 2974 848 3023 835
865 2973 1054 3037 periculumrp
1074 2975 1078 3037 1

172 3055 302 3103 magnum
315 3040 368 3089 tibi
382 3044 423 3090 eet
435 3041 461 3090 Α
481 3043 523 3090 esi
535 3057 581 3090 om.
595 3040 619 3089 Ε
635 3037 648 3106 Η
668 3042 717 3091 842
737 3039 970 3104 cunctipollentis
984 3041 1059 3093 NHr.
1073 3041 1087 3106 Η

170 3114 232 3173 port
249 3126 273 3158 u.
287 3110 337 3158 844
354 3115 432 3158 totam
449 3123 567 3159 scaenam
584 3109 703 3158 interiere
720 3111 847 3173 θεωρίων.
870 3104 882 3174 ΙΙ
