2526 3986
529 243 705 291 THYESTES

120 393 144 450 c'
302 382 377 443 Hinc
394 380 474 442 illinc
490 382 620 459 grauidis
635 382 791 444 frondibus
805 383 928 446 innubat
1093 407 1142 456 155

261 477 290 528 et
305 473 426 528 curuata
442 468 503 527 suis
517 465 625 528 ictibus
641 485 675 528 nc
689 476 822 530 tremens

258 551 370 612 adludit
385 551 491 631 patulis
507 552 597 612 arbor
612 552 749 614 hiatibus

118 731 136 780 d
155 730 228 804 (tn.)
258 806 274 866 d
299 721 380 782 Haec
395 722 530 820 quaquuis
546 721 650 782 auidus
665 740 722 782 nec
735 724 854 866 quatinus
869 742 972 785 rnnrue

766 825 782 854 0

258 813 868 970 ntttttttttttttttt‘enin

256 974 435 1055 inclusisque
450 976 558 1036 fernum
574 975 712 1037 dentibus
728 975 844 1054 adligat.

249 1147 264 1174 ⁴
299 1144 357 1204 Sed
372 1152 444 1206 tuuc
460 1145 575 1205 diuitias
591 1163 679 1205 omne
694 1162 800 1205 nemus
814 1162 881 1205 suas

256 1229 381 1289 demittit
395 1231 520 1308 propius
535 1247 682 1309 pomaque
698 1229 826 1307 desuper

255 1313 395 1374 insultant
412 1312 488 1373 iuliis
504 1315 584 1375 mitia
600 1313 745 1392 languidis

254 1399 479 1478 accenduntque
495 1397 563 1458 ianr
573 1418 625 1459 eru
647 1418 722 1479 quae
737 1398 819 1459 iubet
834 1401 937 1460 inritus

255 1501 397 1544 exercere
413 1499 526 1544 munus.
554 1484 607 1544 bns
622 1483 674 1544 ubi
691 1483 811 1562 protulit

255 1575 283 1626 et
298 1567 358 1629 faui
373 1567 472 1628 libuit:
490 1575 568 1628 totus
583 1569 612 1628 in
629 1568 753 1628 arduum

146 1689 149 1698 ·
176 1661 196 1738 Ἰ
255 1659 413 1714 autumnus
428 1655 543 1730 rapitur
559 1652 692 1731 silunquc
707 1651 832 1712 mobilis.

295 1821 387 1882 Instat
402 1821 508 1884 deiude
523 1823 608 1881 sitis
623 1839 683 1881 non
698 1820 793 1882 leuior
808 1822 918 1892 farne,

253 1925 311 1985 qua
327 1923 393 1966 cum
409 1905 553 1986 percaluit
568 1907 688 1986 sanguis
704 1913 733 1966 et
747 1907 840 1984 igneis

253 1992 363 2052 exarsit
379 1990 509 2052 facibus:
527 1999 585 2052 stet
601 1994 691 2052 miser
707 1991 811 2051 obuios

251 2073 358 2136 fluctus
373 2094 425 2137 ore
440 2083 555 2152 petens,
571 2095 645 2154 quus
659 2076 802 2155 profugus
816 2075 893 2137 latex

252 2161 359 2222 auertit
373 2160 465 2222 sterili
481 2161 622 2222 deficiens
638 2160 714 2221 uado

252 2253 465 2324 conantemque
481 2247 563 2324 sequi
580 2246 699 2315 deserit,
716 2245 763 2306 hic
779 2244 854 2306 bibit

251 2327 340 2389 altum
357 2329 393 2391 de
408 2331 512 2408 rapido
528 2331 644 2408 gurgite
660 2331 823 2408 puluerem.

407 2488 798 2532 *anun*

411 2611 767 2662 ATREVS.SATELLE&

113 2731 131 2766 ⁸
233 2719 343 2796 ignaue
357 2720 438 2780 iners
454 2723 573 2782 eneruis
589 2727 617 2780 et
632 2719 712 2800 quod
727 2719 887 2790 maximum

144 2800 289 2879 probrum
306 2812 430 2884 tyranno
445 2803 536 2865 rebus
551 2806 581 2864 in
597 2806 720 2866 summis
741 2822 810 2865 reor

147 2886 256 2956 inulte,
272 2896 340 2966 post
353 2895 398 2951 tot
414 2888 527 2962 scelera
543 2897 611 2969 post
625 2887 723 2950 fratris
740 2887 823 2952 dolos

145 2971 248 3051 fasque
264 2990 351 3035 nurus
367 2981 488 3052 ruptum
505 2973 658 3052 questibus
672 2975 758 3036 uanis
773 2976 835 3052 agis

144 3057 237 3119 iratus
251 3057 376 3120 Atreus?
398 3058 527 3120 tremere
542 3059 599 3122 iam
616 3065 694 3120 totus
709 3059 766 3120 tuis
1079 3077 1128 3126 180

144 3174 347 3190 -ι-ιι--ό-α.

134 3262 136 3266 ·
212 3245 261 3297 164
278 3247 395 3299 insultet
411 3243 437 3296 Ε
465 3241 478 3312 ss
507 3248 555 3298 172
578 3260 683 3296 uocans
701 3246 726 3296 Α
755 3250 851 3312 petens
870 3245 941 3296 unu
968 3241 981 3311 ΙΙ
1011 3247 1059 3296 175

139 3315 216 3375 finem
232 3317 353 3367 carminis
374 3313 508 3378 abreptum
529 3329 586 3364 esse
608 3314 674 3366 uidit
689 3312 815 3380 Scaliger.
852 3309 867 3380 fl
905 3311 1058 3364 uussuvu

143 3378 291 3432 SERVVS.
311 3383 336 3432 Α
372 3381 524 3434 Annuus,
547 3379 746 3434 SA'I'ELLES.
765 3381 815 3431 ER
838 3378 887 3446 (sic
907 3396 959 3446 per
982 3387 1059 3434 totum

141 3447 272 3516 scaenam)
300 3446 314 3518 ΙΙ
343 3451 391 3502 177
429 3453 525 3502 rubum
541 3449 567 3501 Ε
589 3447 602 3517 ss
627 3451 677 3502 180
693 3450 751 3499 iras
764 3454 793 3500 st
805 3445 857 3512 (uel
868 3446 915 3514 ed)
927 3450 1016 3516 Argos
1032 3451 1057 3500 A

140 3517 229 3567 iratus
243 3518 375 3570 atreunE
401 3464 427 3585 ΙΓ
441 3523 529 3570 totum
548 3520 571 3568 Α
591 3524 664 3569 totus
683 3516 708 3568 Ε
730 3512 742 3583 li

194 3634 316 3670 SENECAE
337 3635 420 3672 TBAG.
834 3599 854 3664 5
