2490 3984
169 185 233 249 370
555 198 699 246 1ucuur1

170 341 278 400 inuasit
294 339 390 400 omnis
405 357 475 400 ecce
490 339 548 400 iam
565 337 677 400 caelum
694 337 756 398 tera

170 441 277 502 meque
293 425 457 506 antecessit.
488 425 584 484 uictor
600 441 616 483 e
631 425 720 484 terris
735 441 818 484 meus

170 517 272 587 spectu
288 507 414 568 labores,
446 518 524 568 astra
540 509 685 588 portentis
701 509 782 586 prius

170 593 299 673 terisque
315 593 387 653 luno
403 593 521 661 tribuit,
538 599 571 652 ut
586 591 701 654 caelum
718 592 789 652 mihi

171 677 282 740 laceret
297 677 469 738 timendum.
502 679 645 756 sparserit
660 677 802 740 mundum
818 675 887 738 licet

170 761 343 842 caelumque
359 764 446 822 terris
461 763 547 839 peius
562 780 596 822 ac
612 761 708 823 leuius
724 762 813 841 Styge

170 849 242 908 irata
259 847 360 916 iaciat,
378 845 496 906 dabitur
512 845 631 908 Alcidae
647 847 739 909 locus.

170 933 277 1013 sipost
292 931 370 992 feras
386 938 453 1009 post
467 929 546 992 bella
562 940 628 1009 post
643 933 770 1010 stygium
786 949 889 992 canem

170 1015 301 1076 noudum
318 1024 395 1078 astra
411 1017 521 1076 merui:
545 1015 657 1077 siculus
672 1017 840 1094 hesperium
856 1015 933 1077 latus

169 1108 268 1178 tangat
282 1100 420 1170 Pelorus
440 1097 516 1181 [unu
531 1105 592 1163 ium
607 1104 692 1162 tellus
707 1105 776 1162 erit.

168 1188 254 1246 illinc
265 1184 399 1265 superbo]
416 1186 508 1246 maria
524 1187 549 1245 si
564 1187 645 1264 iungi
660 1185 762 1257 iubes,

169 1271 322 1330 conmittat
337 1271 431 1330 undas
446 1269 573 1330 Isthmos
591 1277 620 1331 et
635 1272 737 1330 iuncto
752 1268 813 1332 salo

170 1371 245 1414 noua
261 1354 396 1415 ferantur
412 1356 517 1414 atticae
533 1371 647 1434 puppes
662 1356 720 1414 uia.
804 1429 808 1435 Ι

170 1433 299 1499 mutetur
315 1438 408 1508 urbis,
425 1437 551 1498 uallibus
567 1448 667 1498 currat
683 1441 768 1499 nouis

168 1523 267 1584 Hister
283 1541 435 1602 nouasque
451 1523 558 1584 Tanais
574 1525 698 1602 accipiat
713 1524 785 1584 uias.

170 1607 205 1668 da
223 1608 258 1670 da
273 1607 399 1668 tuendos
415 1607 546 1686 luppiter
561 1606 663 1668 saltem
681 1606 761 1683 deos.

169 1692 219 1753 illa
234 1691 334 1752 licebit
348 1691 460 1753 fulmen
476 1711 492 1752 a
508 1703 593 1771 parte
609 1693 724 1752 auferas

171 1795 225 1856 ego
241 1795 329 1854 quam
345 1776 461 1850 tuebar.
493 1779 556 1838 siue
571 1774 723 1854 glacialem
740 1777 840 1857 polum

169 1880 222 1922 seu
238 1880 285 1922 me
300 1863 378 1922 tueri
394 1861 539 1922 leruidam
555 1869 670 1940 partem
685 1861 784 1930 iubes,

169 1947 225 2006 hac
241 1963 305 2006 esse
321 1963 446 2024 superos
461 1953 546 2025 parte
562 1963 684 2007 securos
700 1954 779 2023 puta.

170 2031 304 2091 cirrhuea
320 2030 419 2092 Paean
433 2030 542 2110 templa
559 2039 589 2092 et
603 2031 764 2091 aetheriam
780 2031 901 2092 domum

168 2122 306 2194 serpente
322 2133 408 2188 caeso
424 2117 541 2176 meruit.
573 2133 593 2176 a
614 2117 750 2192 quotiens
765 2117 842 2176 iacet

168 2200 328 2278 Pythonia
345 2199 447 2280 hydra.
478 2201 613 2262 Bacchus
628 2208 658 2261 et
672 2201 799 2262 Perseus
818 2202 881 2262 deis

166 2285 225 2346 iam
242 2302 273 2344 se
288 2282 429 2353 intulere,
450 2285 503 2346 sed
519 2293 608 2362 quota
624 2293 668 2345 est
684 2285 786 2346 mutuli
801 2285 885 2363 plaga

168 2372 269 2430 oriens
284 2368 424 2431 subactus
439 2377 489 2430 aut
504 2377 593 2448 quota
609 2377 653 2430 est
669 2371 789 2448 Gorgon
805 2370 877 2432 fera.

169 2455 234 2534 quis
250 2461 327 2514 astra
343 2463 429 2515 natus
445 2453 583 2515 laudibus
598 2456 706 2515 meruit
721 2455 782 2514 suis

169 2558 204 2600 ex
220 2546 249 2599 te
266 2545 294 2599 et
309 2539 458 2600 nouerca?
480 2557 567 2618 quern
584 2537 637 2599 tuli
653 2539 795 2599 muudum
811 2547 894 2618 peto.-

168 2623 219 2685 sed
237 2630 267 2684 tu
283 2641 383 2684 comes
399 2622 508 2685 laboris
524 2623 657 2684 herculei
675 2622 764 2684 Licha

167 2707 268 2788 parler
285 2709 451 2788 triumphos
466 2707 568 2788 Euryti
583 2709 677 2769 uictus
692 2706 771 2769 lares

168 2800 352 2872 stratumque
368 2810 504 2870 regnum.
534 2811 589 2854 uos
604 2811 696 2872 pecus
711 2793 806 2870 rapite
822 2795 903 2855 ocius

168 2973 370 2982 *υκαι-η-

237 3085 268 3132 76
285 3083 406 3132 Fecerat
424 3081 472 3133 Eu
490 3081 611 3132 Lacerat
633 3083 707 3132 Voss.
726 3082 817 3131 faciat
835 3083 859 3131 A
872 3078 884 3148 l}
901 3083 933 3132 77
951 3083 1030 3146 peius
1050 3096 1088 3131 ac
1112 3090 1114 3093 '

166 3151 257 3202 leuius
276 3149 301 3198 Ε
318 3150 397 3214 peius
417 3165 450 3200 ue
468 3150 547 3215 peius
565 3150 590 3198 A
603 3146 614 3214 ΙΙ
627 3151 659 3200 80
677 3149 760 3199 Haud
778 3147 837 3214 (om.
856 3151 918 3199 dum
926 3147 948 3214 ?)
967 3149 993 3198 E
1010 3149 1088 3199 Nou·

167 3219 230 3269 dum
249 3219 274 3268 A
291 3213 303 3284 Η
319 3219 350 3268 81
370 3233 425 3267 unu
443 3219 498 3268 iam
516 3221 536 3268 t.
559 3217 646 3282 &usp
668 3233 724 3267 una
742 3219 766 3267 si
784 3221 804 3268 t.
822 3218 887 3268 Bra
907 3220 936 3267 et
952 3231 1009 3266 une
1027 3216 1087 3266 iem

165 3291 187 3338 t.
205 3286 267 3336 Bru
298 3289 326 3334 et
344 3301 399 3335 una
417 3288 458 3336 sic
478 3291 496 3338 t
520 3284 598 3336 Ortel.
629 3289 736 3335 utuua
754 3286 810 3334 iam
833 3301 852 3334 α
881 3281 892 3350 Η
922 3286 976 3334 erit
993 3285 1088 3348 susp

168 3358 239 3402 erat
253 3369 271 3402 α
283 3349 294 3418 ΙΙ
306 3353 369 3404 haec
381 3353 459 3414 uerba
477 3354 541 3404 Una
559 3354 614 3402 ism
633 3353 715 3403 tellus
734 3354 794 3406 erit.
813 3353 896 3402 Illinc
915 3352 1019 3417 lugebo
1039 3354 1087 3402 de-

167 3422 224 3472 leat.
240 3417 253 3485 ss
270 3423 303 3470 93
322 3419 344 3470 Ο
365 3421 492 3485 quotiens
509 3421 535 3470 E
554 3427 582 3471 at
601 3437 625 3486 q.
645 3421 670 3469 A
691 3422 825 3484 ascripsi.
842 3416 853 3486 ll
875 3423 907 3472 99
925 3421 1005 3485 Lyca
1023 3421 1049 3470 A
1072 3420 1088 3484 ΙΙ

168 3487 218 3535 100
235 3486 333 3536 Perfer
350 3487 375 3536 Ε
392 3491 503 3553 Vosssp
522 3489 647 3540 Praeter
665 3505 684 3538 α
696 3485 707 3556 Η
719 3488 831 3540 labores
849 3489 875 3538 E
898 3485 910 3554 ΙΙ
