2550 3978
193 169 257 234 240
474 184 506 230 u.
523 183 655 230 surim
671 181 829 230 seruans

159 333 177 382 b
239 323 371 384 Violenta
387 341 474 383 nemo
490 323 612 399 imperia
629 323 773 383 continuit
789 323 854 392 diu,

195 409 347 470 moderata
363 408 471 469 durant
486 425 604 486 quoque
620 407 738 468 fortuna
755 407 844 468 altius

195 495 293 555 euexit
308 511 343 553 ac
358 492 469 553 leuauit
483 492 627 553 humanas
643 511 731 571 epae,

196 579 252 638 lroc
267 596 299 638 se
316 579 408 654 magis
424 577 611 656 supprimere
627 576 742 637 felicem
759 577 845 637 decet

197 664 354 740 uariosque
370 673 456 723 oenus¹
472 670 601 722 tremere
617 669 798 723 metuentem
816 661 888 722 deos

195 750 317 830 nimium
335 748 477 807 fauentes,
509 763 614 823 magna
631 756 784 807 momento
801 747 886 808 obrui

195 833 340 893 uincendo
358 831 455 894 didici.

499 917 588 977 Troia
604 933 658 976 nos
674 915 803 976 tumidos
818 915 887 975 facit

197 1003 317 1061 nimium
334 1019 368 1061 ac
385 1003 519 1061 feroces?
542 1008 654 1061 stamus
670 1001 727 1060 hoc
742 1001 834 1061 Danai
850 999 914 1060 loco

196 1086 274 1147 unde
290 1085 336 1147 illa
354 1086 469 1146 cecidit.
503 1086 598 1146 fateor
615 1084 772 1162 aliquando
788 1086 924 1162 inpotens

195 1187 289 1248 regno
306 1189 339 1230 ac
355 1170 501 1247 superbus
516 1169 602 1230 altius
617 1177 730 1230 memet
744 1167 811 1238 tuli,

196 1256 246 1315 sed
264 1255 350 1332 fregit
364 1254 430 1314 illos
445 1256 565 1332 spiritus
580 1255 654 1314 llaec
670 1273 745 1333 quae
761 1254 832 1315 dare

196 1340 338 1417 potuisset
354 1338 417 1398 aliis
434 1357 521 1398 eausa
540 1339 675 1400 fortunae
693 1339 786 1400 fauor.

161 1447 178 1481 a
241 1423 304 1504 [Tu
318 1441 364 1484 me
378 1426 538 1499 superbum
554 1427 677 1484 Priame
692 1432 725 1485 tu
740 1426 875 1485 timidum
887 1421 996 1502 focis]

197 1526 251 1585 ego
268 1526 332 1568 esse
348 1510 505 1588 quiequam
522 1516 638 1588 sceptra
654 1510 710 1568 nisi
726 1526 803 1568 uano
819 1516 919 1586 putem

196 1592 311 1670 fulgore
328 1601 437 1658 tectum
455 1611 563 1654 nomen
580 1600 609 1653 et
624 1593 697 1652 falso
714 1611 828 1653 comam

196 1677 294 1738 uinelo
311 1677 488 1738 decentem?
512 1695 597 1738 casus
613 1678 687 1738 haec
701 1679 797 1756 rapiet
813 1677 913 1738 breuis

196 1780 251 1822 nec
268 1761 347 1822 mille
363 1763 461 1824 forsan
478 1762 591 1822 ratibus
607 1771 657 1822 aut
672 1762 756 1822 armis
772 1762 885 1822 decem.

161 1844 186 1903 a'
239 1846 304 1907 Non
321 1846 458 1908 omnibus
474 1848 592 1908 fortuna
607 1856 666 1908 tam
683 1846 762 1908 lenta
777 1847 909 1908 inminet.

196 1931 333 2009 equidem
351 1931 466 1992 fatebor
483 1932 565 2010 (paee
583 1932 690 1992 dixisse
707 1931 764 1991 hoc
780 1940 828 1991 tna

196 2017 296 2093 argiua
314 2015 400 2092 tellus
416 2014 510 2095 liceat)
528 2016 626 2094 adfligi
643 2016 775 2096 Phrygas

196 2101 333 2179 uincique
349 2099 444 2170 uolui,
462 2105 550 2162 ruere
566 2109 595 2162 et
610 2103 731 2180 aequari
747 2100 809 2161 solo

199 2185 319 2246 Troiam
337 2187 507 2247 arcuissem.
716 2235 720 2244 .

161 2276 179 2326 b
542 2270 600 2331 Sed
617 2271 680 2347 regi
696 2270 788 2329 frenis
804 2270 904 2348 nequit

198 2362 227 2414 et
242 2356 284 2414 ira
302 2361 334 2414 et.
345 2354 453 2416 ardens
469 2355 561 2416 hostis
577 2363 606 2414 et
622 2355 745 2414 uictoria

198 2439 345 2500 conmissa
361 2441 450 2499 noeti.
483 2439 620 2518 quioquid
638 2439 791 2516 indignum
807 2447 857 2498 aut
872 2439 968 2500 ferum
984 2489 986 2494 .

198 2523 333 2602 cuiquam
351 2525 445 2584 uideri
462 2527 570 2601 potuit,
589 2524 645 2583 hoe
661 2525 730 2583 feeit
746 2522 830 2583 dolor

198 2606 398 2686 tenebraeque
413 2625 467 2685 per
483 2627 555 2687 quas
571 2611 636 2685 ipse
653 2627 685 2668 se
702 2609 801 2676 inritat
817 2609 899 2668 furor

199 2690 372 2769 gladiusque
389 2690 456 2752 felix
473 2695 557 2753 errius
571 2693 673 2753 infecti
689 2693 781 2752 semel

197 2793 321 2836 uaecors
337 2776 427 2836 libido
445 2785 497 2838 est.

182 2859 189 2878 '
529 2861 674 2941 Quicquid
691 2879 814 2922 euersae
830 2871 926 2941 potest

197 2962 354 3022 superesse
370 2945 477 3006 Troiae
494 2953 625 3006 maneat:
644 2953 777 3006 exactum
794 2947 864 3006 satis

197 3047 360 3108 poenarum
378 3038 407 3090 et
421 3029 497 3091 ultra
515 3036 567 3091 est.
599 3033 679 3108 regia
696 3039 728 3090 ut
742 3031 827 3108 uirgo
844 3030 959 3091 occidat

266 3202 314 3250 273
328 3199 447 3250 timidos
460 3201 534 3263 Lips.
548 3200 618 3263 Mop.
637 3200 707 3249 facit
719 3207 757 3261 εψ
776 3200 847 3249 facis
860 3201 884 3250 A
909 3195 921 3266 ll
943 3201 994 3250 278
1013 3199 1078 3250 aliis
1090 3200 1116 3248 E

196 3266 247 3315 alii
265 3269 290 3317 Α
306 3263 318 3332 ll
334 3270 384 3317 279
403 3271 476 3317 eieci.
493 3265 504 3333 ll
519 3267 642 3316 timidum
662 3285 683 3317 ω
701 3266 833 3316 tumidum
852 3271 937 3317 nescio
956 3272 1013 3333 qais
1032 3264 1045 3334 [l
1065 3269 1115 3317 282

197 3338 337 3396 tegentem
349 3343 372 3395 ψ
385 3330 396 3401 ll
409 3336 461 3384 hoe
478 3331 526 3398 ψΙΙ
541 3335 632 3398 rapiet
644 3335 694 3384 ΕΑ
715 3335 788 3398 rapit
806 3331 854 3399 roll
870 3337 920 3384 285
938 3337 991 3385 hoo
1009 3336 1115 3385 dixisse

195 3397 244 3464 ull
260 3403 310 3452 288
329 3403 421 3451 Etiam
440 3420 461 3452 ω
479 3402 602 3452 'froiam
621 3402 746 3452 Swododa
758 3400 770 3466 ΙΙ
786 3403 939 3466 arguissem
957 3421 978 3453 ω
999 3405 1115 3454 arcuis-

196 3479 254 3513 sem
268 3469 371 3530 Lipsius
383 3466 395 3534 ΙΙ
406 3472 455 3519 292
468 3470 528 3534 ipse
542 3484 571 3519 se
585 3469 609 3519 Α
621 3468 680 3532 (of)
700 3485 729 3520 se
742 3485 789 3522 om.
802 3469 827 3517 E
845 3471 905 3536 ipse
918 3487 963 3522 om.
976 3480 1000 3535 ψ
1023 3466 1035 3536 [l
