2526 3986
521 194 699 274 Tnnnspns

120 341 142 402 f'
324 332 368 394 Et
382 334 442 410 qui
462 331 574 394 medies
591 333 693 393 diuidit
708 333 810 403 Vrsae,

277 418 407 478 lluminis
421 418 513 477 instar
524 416 661 477 lubricus
675 419 785 496 Anguis

277 520 445 581 magnoque
462 504 559 562 minor
574 504 672 562 iuncte
689 501 818 562 Draconi

277 588 384 666 frigida
399 587 475 648 duno
492 587 643 665 Cynosura
659 586 736 663 gelu,

235 713 238 720 ·
280 671 454 754 [custosque
466 675 516 733 sui
529 675 638 733 turdus
647 671 799 752 plaustri]

278 761 336 818 iem
353 774 411 817 non
428 756 540 817 stabilis
555 763 624 816 ruet
638 756 837 836 Arctophylax

278 852 470 920 monstraque
486 859 646 920 numquam
662 841 782 920 perlusa
800 843 876 902 mari

279 934 393 1005 merget
409 925 652 987 cundensemnie
670 943 787 1005 gurges.

323 1063 394 1123 Nos
410 1082 426 1123 e
440 1069 522 1122 lanto
538 1062 594 1121 uisi
607 1060 735 1140 'populo'

280 1147 362 1226 digni
377 1153 529 1226 premeret
544 1165 618 1225 quos
634 1164 739 1206 euerso

280 1233 400 1294 cardine
416 1233 552 1292 mundus.

320 1369 360 1430 ln
378 1387 449 1428 nos
469 1371 549 1428 delas
564 1365 666 1428 ultime
681 1368 770 1428 uenit.

278 1453 381 1514 solitae
391 1453 497 1514 mundi
512 1453 629 1530 periere
645 1453 738 1512 uices:

277 1538 352 1599 nihil
368 1555 504 1608 occlusus5
522 1534 594 1597 nihil
610 1543 693 1598 unlus
709 1539 773 1598 erit.

321 1673 345 1735 Ο
361 1688 428 1734 nos
443 1673 518 1732 dum
534 1681 614 1733 sorte
630 1682 755 1742 creatus,

279 1777 331 1819 seu
346 1759 530 1839 perdidimus
546 1757 638 1817 sulem
655 1759 765 1826 miseri,

279 1847 342 1904 siue
359 1843 538 1921 expulimus!

321 1979 435 2040 Abeant
451 1986 586 2057 questus,
604 1977 723 2038 diseede
738 1979 836 2039 timor.

280 2066 358 2126 nilne
374 2071 419 2125 est
434 2064 538 2124 auidus
553 2063 686 2142 quisquis
701 2081 763 2124 nun
778 2063 842 2124 uult

278 2149 390 2210 mundo
405 2165 504 2209 secum
520 2155 664 2226 pereunte
680 2151 765 2210 moni.

541 2312 676 2362 AnREvs

114 2455 132 2488 a
238 2420 375 2498 Aequalis
391 2421 478 2481 asinis
494 2419 613 2497 gnudien
630 2427 659 2480 et
674 2429 797 2481 eunelns
813 2437 903 2499 super

149 2506 243 2568 allum
259 2505 389 2584 superbo
404 2507 517 2565 uertice
533 2507 680 2582 attingens
695 2504 806 2581 polum.

151 2609 233 2652 nunc
246 2589 356 2652 'deeora
372 2592 458 2668 regni
473 2599 570 2660 teneo,
587 2607 666 2649 nune
682 2588 787 2650 solium
803 2591 906 2666 panis.
950 2597 954 2604 '
1081 2597 1137 2662 ,890

152 2675 269 2736 dimitto
285 2693 425 2754 superos:
442 2692 557 2735 summe
568 2683 711 2735 'notorum
729 2675 820 2751 atligi.

114 2769 140 2830 a'
197 2760 279 2820 Bene
294 2769 347 2830 esi,
364 2759 482 2821 abunde
498 2768 551 2828 esi,
567 2761 625 2820 iam
642 2765 687 2820 snt
703 2767 747 2819 est
763 2761 850 2819 etiam
865 2758 946 2818 mihi.

150 2844 204 2906 sed
221 2863 275 2905 eur
290 2846 359 2906 satis
374 2846 429 2906 sii?
445 2860 568 2922 pergam
584 2851 613 2906 el
627 2843 747 2921 inplebo
764 2853 879 2922 patrem

152 2931 259 2990 funere
275 2939 406 2991 suorum.
434 2947 472 2990 ne
488 2931 551 3007 quit
567 2929 698 2988 obstaret
714 2930 819 3008 pudor,

63 3073 66 3075 ,
152 3014 218 3074 dies
233 3017 370 3075 recessit:
387 3032 479 3092 perge
495 3015 565 3073 dum
582 3013 696 3074 eaelum
712 3022 807 3075 uacat.

114 3126 133 3175 b
195 3100 311 3160 Vtinam
327 3101 447 3178 quidem
461 3107 566 3159 lenere
581 3099 726 3176 fugientes
742 3099 813 3158 deos

220 3269 271 3319 870
287 3270 336 3319 871
354 3275 414 3333 post
430 3285 454 3317 u.
473 3267 522 3318 877
540 3269 716 3332 reponendos,
741 3284 764 3318 u.
782 3267 840 3316 876.
861 3265 994 3316 delendum
1011 3281 1068 3316 esse

150 3336 200 3400 (ef.
212 3337 284 3388 Med.
300 3335 363 3400 315)
382 3337 446 3386 uidit
458 3334 523 3386 R.P.
547 3332 558 3402 [l
588 3337 637 3387 877
655 3351 710 3385 non
728 3335 869 3384 instabilis
887 3333 912 3382 E
941 3349 995 3383 non
1014 3340 1070 3383 sta-

150 3405 219 3456 bilis
238 3406 264 3456 A
287 3400 299 3471 ll
323 3403 462 3454 ATREVS
475 3404 527 3453 ΕΑ
551 3409 563 3472 Η
587 3405 637 3454 895
653 3407 739 3453 uacet
752 3403 776 3451 A
795 3408 881 3452 uocet
893 3399 918 3450 E
930 3409 949 3450 t.
963 3403 1007 3457 Gr,
1031 3399 1042 3468 Η

150 3474 202 3524 896
220 3471 331 3538 quidam
349 3471 384 3520 Ει
412 3471 521 3536 quidem
534 3470 596 3522 ΑΕ3
620 3469 631 3538 Η
