2526 3986
397 202 817 262 101001010000100110000
877 241 880 246 a
1022 189 1084 252 113

165 343 237 405 iilud
254 361 371 404 cruore.
398 360 505 421 magna
522 343 671 420 praesagit
686 343 762 404 mala

164 436 307 508 paternus
323 429 448 488 animus.
476 428 552 488 iacta
566 429 625 488 iarn
641 435 709 487 sunt
724 428 837 488 semina

166 512 258 574 eladis
273 512 406 574 tuturue:
422 513 573 590 spernitur
589 513 666 591 pacti
680 511 762 572 fides.

136 625 152 659 c
208 599 262 658 Hic
278 603 421 674 occupato
437 596 544 658 cedere
559 597 685 674 imperio
701 603 796 675 negat,

164 684 211 744 ius
226 681 276 742 ille
291 688 320 743 et
334 683 385 742 icti
400 681 571 742 foederis
586 685 676 742 testes
692 680 763 746 deos

163 768 283 828 inuocat
298 775 327 827 et
341 767 437 842 Argos
452 763 521 826 exul
536 773 624 844 atque
639 765 729 828 urbes
745 772 846 826 mouet

164 854 262 930 graias
277 853 308 911 in
324 869 416 910 arma.
443 867 503 911 non
519 849 593 910 leuis
608 850 693 910 fessis
709 851 791 910 uenit

163 936 250 996 ruina
266 935 389 1010 Tirebis;
405 933 462 996 tela
479 933 615 994 flammae
632 933 755 995 uulnera

164 1024 275 1080 instant
291 1027 319 1080 et
333 1021 397 1104 istis
413 1021 436 1080 si
453 1018 533 1097 quod
549 1027 593 1078 est
606 1020 701 1080 maius
717 1017 844 1079 malurn:

75 1111 82 1116 '
164 1111 198 1165 ut
215 1121 278 1165 esse
295 1105 411 1182 genitos
425 1121 514 1164 uerno
530 1121 589 1164 000
606 1122 642 1164 ex
657 1121 705 1164 me
720 1104 803 1164 sciat.

126 1187 151 1242 c'
207 1201 288 1248 Anu.
312 1189 342 1248 si
357 1186 436 1249 uuila
452 1190 568 1266 genitor
584 1206 671 1249 causa
687 1188 809 1250 uiuendi
824 1187 876 1248 tibi
892 1194 944 1257 est,

163 1273 237 1334 haec
253 1291 310 1333 una
327 1272 445 1334 abunde
461 1281 514 1342 est,
532 1280 564 1333 ut
580 1279 663 1350 pater
678 1279 783 1348 gnatos
797 1289 884 1351 regas

164 1360 295 1434 grauiter
311 1357 451 1418 furentes.
479 1365 510 1417 tu
525 1359 597 1436 inpii
613 1355 681 1418 belii
696 1359 790 1418 minas

164 1450 302 1504 auertere
317 1460 394 1503 unus
411 1452 500 1520 tuque
516 1442 677 1502 uaecordcs
693 1449 777 1520 potes

163 1526 301 1588 inhibere
315 1528 449 1596 iuuenco,
465 1525 580 1586 ciuibus
596 1543 700 1604 pacem
716 1526 788 1586 dare

164 1614 278 1690 patriae
293 1613 422 1689 quietern
439 1610 588 1672 foederi
602 1609 682 1671 laeso
697 1610 795 1696 iidem.

165 1696 256 1756 uitam
273 1695 326 1756 tibi
340 1697 403 1773 ipse
418 1696 443 1756 si
458 1713 559 1774 negas,
575 1694 674 1755 multis
690 1712 790 1772 negas.

135 1801 153 1835 a
209 1792 326 1841 onore.
350 1779 410 1842 iliis
425 1780 594 1860 parentis
610 1777 686 1840 ullus
696 1788 753 1862 aut
768 1779 853 1856 aequi
869 1786 913 1839 est
927 1796 1030 1839 amor
1098 1797 1149 1847 295

162 1865 258 1926 auidis
274 1867 389 1926 cruoris
402 1866 509 1943 imperi
525 1882 678 1926 armorum
696 1862 755 1924 doli

163 1950 237 2010 diris
252 1950 383 2010 scelestis
398 1949 530 2010 breuiter
545 1956 576 2008 ut
593 1948 687 2009 dicam
705 1948 796 2008 meist

163 2040 280 2094 certant
294 2035 324 2093 in
340 2051 428 2094 omne
444 2034 556 2095 facinus
572 2041 601 2094 et
615 2034 701 2111 pensi
716 2031 790 2093 nihii

163 2118 278 2179 ducunt
292 2117 342 2179 ubi
357 2117 422 2180 illos
437 2121 480 2178 ira
496 2119 673 2195 praecipites
689 2119 748 2196 agit

163 2203 307 2282 nefasque
322 2201 434 2266 nullum
450 2221 504 2282 per
519 2202 602 2265 neias
618 2203 678 2262 uati
694 2207 807 2280 putant.
1099 2221 1150 2272 300

122 2281 150 2340 α’
205 2287 272 2348 Non
289 2289 406 2365 patris
422 2286 487 2348 illos
502 2288 595 2364 tangit
610 2286 708 2350 afflicti
724 2285 861 2365 pudor,

163 2390 225 2432 non
241 2374 345 2451 patria,
363 2390 457 2450 regno
473 2379 576 2450 pectus
592 2373 746 2432 attonitum
762 2371 844 2432 furit.
1015 2431 1018 2437 ,
1034 2386 1056 2430 0.
1071 2387 1181 2428 xxxxv

162 2458 225 2517 scio
236 2453 302 2536 'quo
317 2459 460 2526 terantur,
477 2463 584 2534 quanta
601 2455 697 2516 moliri
713 2461 820 2533 parent

161 2540 293 2621 ideoque
308 2539 358 2602 leti
373 2559 484 2618 quaero
499 2547 645 2601 maturam
662 2540 741 2599 uiam

162 2627 302 2704 morique
316 2642 455 2704 propero,
472 2626 541 2686 dum
557 2626 587 2685 iu
603 2624 690 2684 domo
707 2641 794 2684 uerno
810 2631 856 2684 est
868 2642 934 2687 mea
1099 2647 1150 2696 305

165 2711 322 2770 nocentior
337 2728 384 2772 me
388 2753 754 2770 ........
787 2731 807 2770 ⁸.
853 2755 860 2769 .
906 2756 913 2770 .

209 2797 280 2855 Ani.
327 2841 332 2853 .
379 2842 385 2854 .
432 2841 439 2856 .

135 2895 150 2930 c
208 2879 314 2956 Oedip.
474 2881 583 2946 Gnate,
599 2877 669 2956 quid
685 2876 811 2955 genibus
826 2879 899 2938 meis

161 2963 218 3024 fles
233 2963 390 3024 aduoluta?
413 2964 481 3043 quid
498 2981 587 3043 prece
602 2963 778 3022 indomitum
794 2962 914 3023 domas?

232 3151 282 3200 289
301 3150 393 3216 Regot
410 3151 435 3200 Ε
452 3164 535 3215 rogas
553 3150 578 3200 A
602 3145 613 3215 11
641 3150 691 3199 290
710 3148 833 3200 ferentes
850 3150 877 3198 E
899 3145 911 3215 11
939 3151 989 3200 293
1007 3149 1083 3202 lesos

162 3216 189 3266 E
206 3217 285 3268 laeso
304 3217 328 3266 A
358 3213 370 3284 11
398 3219 449 3268 295
468 3222 607 3282 estsupra
624 3218 667 3268 110.
683 3216 708 3266 Ε
730 3212 742 3282 11
770 3217 907 3268 29701010
926 3217 1082 3286 0110011οΕ

162 3285 232 3334 diris
255 3284 384 3336 scelestis
401 3287 426 3335 A
447 3281 469 3352 11
497 3287 547 3336 299
566 3289 634 3350 agat
651 3285 676 3334 A
701 3285 761 3348 agit
778 3285 839 3350 Εψ
868 3280 880 3349 11
908 3286 959 3334 304
980 3288 1083 3336 maturi

162 3353 190 3403 A
208 3357 346 3404 maturum
363 3353 395 3408 Ε,
411 3349 424 3420 11
447 3355 496 3404 305
515 3354 673 3418 moriqueA
694 3367 746 3416 que
764 3368 811 3402 cm.
825 3353 851 3404 E
873 3355 987 3402 lacunam
1003 3356 1082 3419 01901-

159 3422 240 3483 ficaui
256 3423 330 3472 unius
347 3437 445 3484 uersus,
465 3437 522 3470 num
539 3417 826 3486 diequoque(cf.139)
844 3421 991 3484 Autiponae
1003 3422 1083 3473 uerba

162 3490 326 3540 intercidisse
345 3491 420 3540 docet
438 3487 532 3554 Oedipi
546 3490 717 3553 interrogatio
731 3483 806 3552 (307)
830 3483 842 3554 11

219 3604 341 3640 SENECAE
362 3604 446 3641 TRAG.
828 3623 832 3634 ι
859 3571 878 3635 8
