2490 3984
524 187 724 237 AGAMEMNO

166 327 196 387 id
214 345 278 388 esse
293 327 377 405 regni
395 327 554 388 maximum
571 327 679 406 pignus
693 334 814 405 putant,

59 499 65 504 -
166 413 190 473 si
207 412 347 491 quicquid
363 410 427 472 aliis
443 429 501 471 non
518 411 602 481 licet,
620 411 689 473 solis
705 410 782 472 licet.

210 508 308 556 carr.
331 497 448 574 lgnouit
463 493 609 557 Helenae:
632 497 731 556 iuncta
747 495 879 557 Menelao
894 498 972 558 redit
995 505 998 510 ’

167 597 242 657 quae
259 581 408 659 Europam
425 588 454 642 et
468 580 566 642 Asiam
582 579 704 659 paribus
719 581 831 640 addixit
846 580 940 644 malis.
1101 591 1153 641 275

165 678 246 726 anu.
263 665 314 726 sed
331 663 410 727 nulla
425 666 548 727 Atriden
564 684 675 727 uenere
691 665 800 726 furtiua
816 665 936 727 abstulit

165 767 222 811 nec
237 752 316 829 cepit
331 751 460 812 animum
477 752 594 829 coniugi
610 750 785 812 obstrictum
802 769 882 813 suae.

166 836 223 894 iarn
241 836 353 896 crimen
369 833 418 897 ille
435 836 551 912 quaerit
566 844 595 896 et
610 853 713 896 causas
728 842 822 913 parat.

166 917 239 978 nibil
255 937 319 981 esse
335 920 425 981 crede
440 927 528 997 turpe
544 922 725 980 conmissum
740 919 806 980 tibi:

167 1003 237 1083 quid
253 1004 376 1066 honesta
392 1004 515 1082 prodest
530 1007 589 1066 uita
605 1004 718 1083 flagitio
734 1021 842 1065 uacans
1098 1012 1149 1064 ato

165 1087 217 1148 ubi
233 1087 369 1151 dominus
386 1089 465 1150 odit?
486 1090 519 1148 tit
533 1106 658 1159 nocens,
675 1107 735 1149 non
752 1090 935 1168 quaeritur·

210 1172 386 1251 Spartamne
402 1183 521 1253 repetes
537 1182 636 1253 spreta
654 1182 684 1234 et
698 1173 829 1234 Eurotan
845 1181 927 1236 taum

165 1259 334 1337 patriasque
350 1259 435 1320 sedes
450 1259 593 1337 prologo?
618 1277 676 1319 non
693 1259 764 1319 dant
780 1261 889 1320 exitum

165 1342 287 1420 repudia
304 1359 420 1420 regum.
452 1361 505 1420 spe
522 1349 617 1404 metus
633 1343 702 1404 ialsa
719 1341 811 1403 leuas.
1055 1356 1079 1396 r.
1095 1353 1152 1396 ενι]

209 1438 308 1486 cnur.
332 1427 443 1488 Delicta
460 1429 545 1487 nouit
560 1445 648 1488 nemo
665 1429 722 1488 nisi
738 1427 839 1487 lidus
854 1445 928 1489 mea.
1100 1438 1150 1490 285

165 1522 247 1570 aad.
265 1527 325 1569 non
342 1512 433 1571 intrat
448 1529 588 1589 umquam
603 1514 719 1588 regium
736 1511 826 1572 limen
842 1511 947 1573 iides.

208 1605 306 1654 cnrr.
332 1593 445 1673 Opibus
461 1594 612 1664 merebor,
629 1602 663 1654 ut
678 1594 790 1655 iidem
805 1596 928 1673 pretio
944 1595 1080 1674 obligem.

165 1689 246 1738 anu.
262 1679 358 1756 pretio
374 1688 476 1757 parata
491 1679 620 1738 uincitur
636 1678 885 1757 pretloiides,

207 1776 288 1822 nvn.
302 1757 413 1838 'Surgit
428 1762 564 1823 residuus
579 1764 722 1840 pristinae
738 1764 844 1824 mentis
859 1763 965 1842 pudor.

167 1845 238 1924 qnid
255 1845 417 1926 obstrepis,
435 1846 505 1924 quid
522 1864 597 1908 uoce
613 1845 802 1924 blandiloqua
818 1847 893 1908 mala
1102 1860 1153 1911 290

168 1930 286 1991 consilia
302 1931 412 1993 dictas?
434 1931 546 1993 seilicet
561 1932 653 1992 nubet
668 1931 721 1992 tibi

167 2033 270 2093 regum
287 2015 390 2077 relicto
407 2033 477 2095 rege
493 2034 636 2094 generosa
654 2016 750 2078 exuli?

165 2112 245 2160 ans.
263 2108 292 2161 et
308 2119 361 2162 cur
376 2101 477 2163 Atrida
493 2101 596 2164 uideor
611 2102 734 2162 interior
749 2100 803 2162 tibi

165 2192 270 2263 gnatus
285 2185 449 2266 Thyestae?

164 2282 244 2331 rtvr.
343 2290 345 2296 ·
479 2272 502 2331 si
519 2289 624 2349 parum
641 2278 701 2342 est,
718 2272 793 2333 adde
808 2278 837 2333 et
851 2289 954 2352 nepos.

166 2367 248 2414 aas.
270 2363 427 2416 auctore
442 2355 590 2425 Phoebo
606 2358 721 2434 gignor.
752 2356 831 2418 haud
847 2358 966 2433 generis
980 2358 1081 2437 pudet.
1100 2367 1151 2417 295

206 2454 285 2500 uvr.
309 2439 497 2500 Phoebum
518 2441 645 2501 nefande
660 2441 759 2518 stirpis
779 2450 973 2502 auctorem
993 2461 1082 2503 uocas

166 2542 254 2603 quem
271 2532 357 2586 nocte
373 2524 468 2586 subita
484 2524 567 2586 irena
583 2533 773 2586 reuocantem
791 2544 843 2587 sua

165 2606 248 2669 eaelo
264 2608 432 2687 expulistis?
455 2609 523 2687 quid
541 2609 613 2670 deos
628 2608 740 2687 probro
757 2611 911 2674 addimus?

166 2693 322 2771 subripere
339 2694 443 2756 doctus
458 2693 701 2773 irande'genialis
718 2704 797 2756 toros

166 2880 368 2889 m

234 2998 285 3047 279
302 2996 394 3047 Nichil
412 2999 437 3048 E
454 2999 502 3050 Nil
521 3001 546 3050 A
565 2995 577 3065 ΙΙ
597 3001 647 3050 280
663 3013 770 3049 uacans
789 3000 813 3049 Ε
832 3014 930 3051 carens
948 2999 974 3048 A
997 2996 1009 3066 ll
1032 2999 1082 3050 282

166 3062 294 3128 Spartam
307 3064 332 3113 E
351 3063 470 3130 Sparten
485 3068 507 3116 A
520 3064 531 3132 Η
544 3082 578 3116 ne
591 3063 643 3115 ΕΑ
662 3081 724 3116 num
743 3064 790 3134 ψΙΙ
802 3072 830 3118 et
848 3083 913 3118 euro
931 3070 1039 3116 tantam
1057 3066 1082 3116 Ε

165 3131 289 3182 Eurotan
307 3136 395 3182 tuum
414 3134 493 3188 Gron.
525 3139 553 3184 et
572 3151 589 3184 a
607 3139 684 3186 tanto
702 3137 762 3185 uiro
781 3136 805 3184 A
876 3135 927 3185 284
949 3139 1038 3184 metus
1056 3134 1082 3183 Ε

165 3203 267 3250 metum
279 3201 305 3249 A
318 3197 391 3267 19289
410 3202 666 3254 notatarium
684 3202 788 3254 CLYT.
804 3205 827 3252 A
863 3203 912 3252 291
930 3203 1017 3252 nubet
1029 3201 1081 3252 ΕΑ

166 3268 267 3318 nubam
285 3270 359 3320 Voss.
375 3265 447 3336 11292
461 3285 595 3336 generoso
607 3270 633 3319 Ε
651 3285 786 3334 generosa
798 3270 823 3319 A
859 3271 910 3320 296
923 3269 1043 3320 nefande
1057 3269 1081 3318 Ε

166 3335 315 3387 nefandae
335 3352 354 3387 α
370 3334 382 3404 ΙΙ
398 3337 448 3389 298
468 3337 592 3388 addimus
610 3337 635 3386 Ε
654 3338 775 3390 aduocas
795 3339 819 3388 A
870 3339 920 3388 299
939 3336 995 3388 Sub
1013 3351 1080 3404 rupe

166 3403 298 3454 reduetus
315 3405 341 3453 Ε
363 3405 507 3471 Surripere
526 3405 623 3456 doetus
641 3407 666 3456 A
690 3403 702 3472 ll
726 3405 844 3471 genialis
863 3405 888 3454 Ε
915 3405 1040 3470 geniales
1058 3413 1081 3470 ψ

167 3471 312 3536 genitales
332 3469 440 3538 aliteri
458 3474 483 3524 Ε
502 3478 576 3524 toros
594 3474 618 3523 A
643 3470 655 3540 ll
