2502 3978
532 213 699 260 sunnone
752 177 760 184 ⁸

98 351 141 410 e'''
199 342 294 428 Sapor
310 358 467 429 parentum
484 358 528 410 est
543 369 624 412 cura.
655 350 812 412 credamus
828 359 924 412 tanten

156 443 220 496 astu
237 435 365 514 doloque
381 443 482 513 tegere
498 453 551 496 nos
566 445 679 497 tantum
696 436 793 496 nclas:

153 521 223 599 quid
240 518 289 580 ille
303 519 394 580 rebus
410 520 508 580 lumen
526 520 684 582 infundens
699 538 786 580 suum

152 606 255 665 matris
271 605 398 682 parens?
421 605 491 683 quid
507 603 556 665 ille
573 607 622 684 qui
638 605 781 666 mundum
798 608 891 684 quatit

62 695 67 702 '
152 689 276 750 uibrans
292 707 416 749 corusca
434 689 544 749 lulmeu
561 698 714 750 aetnaeum
731 708 820 750 manu

96 827 100 832 ,
153 780 234 833 sator
250 773 400 834 deorum?
423 775 519 834 credis
535 773 592 834 hoc
608 793 695 852 posse
712 774 790 834 effici

156 861 233 918 inter
250 857 385 918 uidentes
401 860 499 918 omnia
514 869 546 918 ut
561 858 654 920 lateas
670 859 756 921 auos‘l
1125 931 1129 939 Ι

127 952 142 1002 f
196 942 254 1003 Sed
272 951 303 1002 ut
318 942 465 1004 secundus
480 943 634 1004 numinum
652 943 814 1004 abscondat
829 943 913 1004 lauor
1015 957 1171 1000 ro¹.LXV1111

154 1028 247 1088 coitus
264 1026 407 1088 celandos
424 1036 514 1106 utque
531 1029 682 1106 contingat
696 1035 799 1106 stupro
874 1107 876 1112 Ι
1090 1043 1138 1093 165

153 1118 259 1188 negata
277 1112 391 1190 magnis
406 1111 569 1173 sceleribus
584 1130 704 1190 semper
719 1113 807 1174 tides:

154 1196 223 1275 quid
239 1214 334 1274 poena
350 1214 492 1275 praesens
507 1199 644 1258 conscius
659 1199 767 1259 mentis
781 1214 876 1276 pauor

153 1283 329 1361 animusque
345 1279 429 1360 culpa
446 1280 552 1359 plenus
568 1290 597 1342 et
612 1290 705 1343 semet
721 1281 846 1343 timens?

153 1365 251 1426 scelus
266 1364 363 1444 aliqua
379 1373 491 1435 tutum,
509 1365 586 1427 nulla
603 1384 741 1427 securum
757 1365 832 1427 tulit.

118 1451 143 1508 f‘
199 1450 350 1528 Conpesce
366 1451 474 1512 amoris
489 1453 562 1528 inpii
577 1450 711 1513 llammas
726 1469 834 1529 precor

156 1535 299 1614 nefasque
315 1536 393 1613 quod
410 1553 468 1595 non
485 1535 544 1595 ulla
561 1534 647 1597 tellus
663 1535 790 1596 barbara

154 1621 293 1680 conmisit
307 1637 447 1697 umquam
464 1638 523 1680 non
540 1622 608 1697 uagi
624 1623 735 1698 campis
751 1622 842 1683 Getae

153 1722 209 1764 nec
224 1703 408 1784 inhospitalis
423 1704 539 1766 Taurus
555 1714 606 1764 aut
620 1722 742 1782 sparsus
757 1703 890 1783 Scythes.

154 1787 269 1866 expelle
285 1790 397 1850 lacinus
412 1798 510 1850 mente
526 1791 654 1849 castilica
671 1789 825 1850 borridum

153 1891 328 1952 memorque
343 1875 446 1934 matris
462 1881 560 1934 metue
576 1873 752 1934 concubitus
767 1891 871 1934 nouos.

113 1957 143 2016 t¹'
199 1958 324 2019 Miscere
339 1953 485 2020 thalamos
499 1960 591 2037 petris
608 1968 637 2020 et
651 1960 730 2036 gnati
737 1975 874 2090 apparas

152 2050 299 2122 uteroque
315 2041 429 2121 prolem
446 2061 553 2122 capere
569 2031 752 2104 conlusam
739 2045 838 2122 inpio?

152 2145 245 2205 perge
261 2135 291 2187 et
307 2127 441 2188 nefandis
455 2134 541 2189 uerte
555 2135 689 2189 naturam
706 2128 832 2206 ignibus.

153 2230 207 2273 cnr
223 2219 355 2272 monstra
371 2212 505 2273 cessanti
527 2211 591 2272 aula
607 2231 662 2273 cur
679 2213 778 2273 lratris
794 2213 898 2274 uacat?

152 2295 287 2375 prodigia
303 2297 410 2357 totiens
426 2297 508 2356 orbis
523 2299 635 2358 insueta
652 2298 764 2365 audiet.

152 2389 257 2441 natura
275 2383 383 2442 totiens
398 2381 514 2460 legibus
529 2380 614 2442 cedet
628 2385 703 2450 suis,

153 2467 290 2544 quotiens
306 2465 416 2527 amabit
432 2465 554 2526 Cressa?

121 2574 141 2624 g
196 2563 253 2610 ΡΗ.
581 2569 657 2629 quae
674 2568 821 2611 memoras
837 2552 898 2611 scio

152 2652 225 2694 uera
241 2652 306 2695 esse
321 2636 438 2702 nutrix,
462 2635 513 2696 sed
532 2635 616 2696 luror
633 2637 710 2712 cogit
726 2638 810 2716 sequi

153 2720 267 2797 peiora.
299 2719 379 2779 uadit
394 2721 510 2780 animus
526 2721 554 2779 in
571 2737 714 2799 praeceps
730 2723 826 2781 sciens

152 2811 326 2882 remeatque
341 2803 449 2864 frustra
466 2822 536 2864 sana
555 2804 674 2866 consilia
691 2812 843 2884 appetens.

153 2889 196 2949 sic
213 2905 280 2948 cum
298 2895 449 2965 grauatum
466 2891 564 2949 nauita
581 2889 705 2950 aduersa
721 2899 815 2951 ratem

153 2971 294 3052 propellit
309 2973 402 3040 unda,
419 2973 497 3034 cedit
511 2975 542 3033 in
559 2991 668 3034 uanum
684 2974 768 3034 labor

223 3227 272 3277 160
290 3226 356 3291 quid
374 3225 423 3276 ille
443 3225 506 3306 quid
526 3226 572 3277 ille
591 3223 639 3292 Eli
652 3229 700 3277 167
714 3229 845 3278 consciae
858 3229 949 3276 noctis
961 3227 986 3275 A
1007 3241 1070 3276 eon

152 3295 230 3344 seiae
249 3295 351 3344 mentis
369 3301 392 3358 q·
413 3296 539 3344 conscius
557 3296 657 3344 mentis
670 3295 759 3345 Euan
771 3292 782 3361 [Ι
795 3297 843 3346 172
861 3309 948 3359 uagus
967 3295 1073 3358 campis

152 3365 219 3426 geta
236 3362 261 3410 A
280 3362 347 3426 ungi
360 3363 463 3426 campis
475 3366 558 3426 getes
576 3362 625 3412 Eli
642 3364 716 3414 Voss.
735 3363 855 3426 (campis
867 3377 936 3412 corr.
950 3378 986 3412 ex
999 3377 1072 3412 cem·

151 3428 256 3494 puell)
269 3425 280 3496 Η
245 3428 343 3494 176
361 3435 447 3496 gnato
466 3446 534 3482 corr.
555 3433 630 3480 luel
648 3433 665 3480 3
683 3446 714 3482 m.
733 3446 768 3480 ece
786 3429 911 3495 gueteE
928 3431 1044 3495 gnatiA
1062 3427 1071 3493 ll

154 3499 204 3547 179
223 3497 318 3546 fratris
337 3499 361 3548 A
381 3498 470 3563 petris
491 3497 514 3544 Ε
537 3493 549 3562 [Ι
