2526 3986
510 238 689 288 THYESTES

242 461 283 548 [et
292 471 386 541 putat
400 468 499 539 merui
510 483 566 528 suo
576 483 668 543 posse
676 484 802 544 pauper

237 567 335 625 repca
350 551 476 611 Laertes
489 552 602 612 Ithaca
618 546 789 634 tremente]

122 717 138 766 f
283 719 314 780 Si
329 737 400 797 suae
415 720 511 780 uentis
527 721 662 781 cecidere
676 721 766 793 uires,

240 802 312 872 altu,
329 821 405 881 quac
421 805 505 865 nauis
521 806 617 866 timuit
632 823 733 867 secure

240 889 310 948 hinc
325 896 355 948 et
370 889 438 950 hinc
453 890 526 950 tusis
541 891 668 970 spatiose
686 890 768 960 uelis,

240 980 331 1034 strata
346 972 460 1034 ludenti
475 981 597 1052 patuere
613 975 747 1037 cumbae.
837 977 839 984 ’

283 1142 381 1205 Mitius
396 1151 500 1223 stagno
515 1142 637 1224 pelagus
652 1144 799 1207 recumbit

241 1235 271 1288 et
286 1237 371 1290 uocat
386 1235 502 1290 mersos*
516 1248 675 1292 numerare
690 1233 786 1310 pisces

242 1312 290 1372 hic
303 1314 354 1374 ubi
369 1316 481 1392 ingenti
497 1315 586 1376 modo
602 1313 658 1376 sub
674 1315 804 1395 procella

242 1398 382 1480 Cyclades
397 1408 522 1476 pontum
538 1401 666 1460 timuere
681 1409 787 1462 mutae.

181 1573 183 1578 '
286 1568 371 1630 Nulla
388 1585 453 1628 sors
468 1567 557 1648 longa
573 1577 631 1630 est:
649 1569 734 1631 dolor
750 1589 784 1631 ao
799 1570 936 1649 uoluptas

241 1655 370 1734 inuicem
386 1653 508 1723 cedunt,
525 1653 646 1715 breuior
662 1655 805 1733 uoluptas.

160 1767 164 1777 =
243 1740 301 1799 ima
317 1745 466 1818 permutat
481 1737 556 1800 leuis
571 1740 646 1800 hora
663 1742 796 1802 summis.

287 1908 354 1980 llle,
371 1911 421 1987 qui
437 1910 527 1971 donat
542 1909 676 1971 diademo
691 1910 790 1981 tronti,

245 2013 332 2074 quem
349 2014 427 2074 genu
442 1996 529 2055 nixae
544 2002 694 2056 tremuere
709 2004 820 2075 gentes,

246 2081 327 2140 cuius
343 2080 378 2140 ad
396 2087 499 2140 nutum
514 2097 642 2156 posuere
657 2080 735 2141 bella

245 2165 348 2225 Medus
364 2171 392 2226 et
406 2163 519 2225 Phoebi
534 2166 681 2245 propioris
696 2165 786 2226 Indus

245 2256 274 2309 et
290 2249 388 2311 Dahae
404 2248 665 2343 Parthisnequitem
682 2253 798 2312 minuti:

289 2419 401 2479 Annius
416 2427 567 2499 sceptrum
583 2427 665 2480 tenet
681 2429 709 2480 et
724 2429 880 2481 mouentes

248 2512 352 2565 cuncta
369 2503 481 2564 diuinet
496 2507 658 2584 metuitque
674 2522 760 2565 casus

248 2588 372 2649 mobiles
387 2607 489 2649 rerum
506 2589 686 2668 dubiumque
702 2598 827 2670 tempus.
874 2636 886 2656 .

289 2761 348 2820 Vos
364 2758 471 2837 quibus
486 2766 586 2820 rector
601 2761 691 2819 muris
707 2766 795 2839 utque
809 2767 907 2820 terme

247 2844 292 2903 ius
308 2844 388 2904 dedit
403 2862 542 2923 magnum
557 2847 638 2906 necis
654 2850 741 2922 atque
757 2846 843 2914 uitae,

248 2931 348 3005 ponite
364 2928 480 2989 inflatos
495 2930 683 3009 tumidosque
699 2928 813 2991 uultus:

248 3015 387 3091 quicquid
405 3012 522 3076 anobis
539 3016 636 3075 minor
652 3016 829 3093 expauescit,
1095 3030 1145 3078 610

248 3101 343 3159 maior
357 3099 416 3159 hoc
432 3098 518 3159 uobis
534 3100 670 3160 domiuus
686 3101 825 3160 minatur.

243 3271 302 3320 586.
325 3271 375 3321 587
404 3270 573 3333 interpolatos
595 3285 650 3319 esse
674 3270 738 3319 uidit
760 3269 830 3318 ΕΡ.
866 3271 979 3317 lacunam
1000 3267 1080 3315 statuti

162 3341 236 3389 unius
253 3355 277 3389 u.
302 3333 314 3404 lt
337 3338 387 3388 689
398 3345 457 3402 post
475 3339 524 3388 592
541 3339 675 3388 reuocauit
692 3337 757 3386 uP.
780 3332 792 3400 11
815 3336 864 3385 591
883 3333 1006 3400 spetiosa
1018 3333 1044 3382 Ε
1055 3329 1067 3398 tl

162 3408 213 3458 597
238 3422 285 3456 om.
302 3405 348 3468 E¹‚
368 3407 394 3455 in
412 3421 491 3470 marp.
510 3405 547 3455 Ε2
569 3400 581 3471 Η
611 3397 661 3456 598
679 3403 809 3462 breuisA
832 3402 903 3452 leuis
922 3401 972 3467 Eu
995 3398 1006 3468 ῙΙ
1030 3402 1078 3451 603

161 3473 252 3528 decue
272 3474 297 3522 A
325 3473 415 3524 dahue
434 3473 460 3522 Ε
494 3469 506 3539 Π
547 3474 596 3524 665
619 3471 732 3521 diuitias
750 3471 775 3520 A
802 3471 912 3520 diuinas
930 3472 986 3522 cod.
1005 3469 1078 3520 Coto·

160 3541 267 3592 niensis.
290 3558 312 3592 c.
331 3543 438 3592 diuinet
450 3538 549 3618 Mb
565 3543 614 3592 610
634 3539 790 3590 extimescit
801 3541 827 3589 Α
847 3539 1009 3605 expauescit
1021 3537 1046 3587 E
1057 3533 1069 3603 ΙΙ

215 3659 338 3696 SENECAE
358 3660 439 3696 undo.
857 3622 877 3685 6
