2502 3978
166 193 227 259 156
443 207 475 254 u.
492 205 625 254 usuum
642 205 798 253 ssuucau

166 351 247 409 ciues
263 355 387 426 paterno
403 347 488 407 sortis
503 347 661 425 imperio
678 363 775 422 rege.

165 435 231 493 sinu
246 438 395 513 receptam
412 431 575 510 supplicem
592 448 626 490 ac
641 448 785 490 seruam
802 438 893 505 tege.
1106 442 1163 494 630

136 585 138 588 ¹
165 519 308 578 miserere
323 517 440 577 uiduae.
476 529 569 575 ΗΙΡΡ.
586 533 719 575 summus
734 514 792 574 hoc
807 531 894 574 omen
911 513 984 574 deus

165 611 289 662 auertat.

133 713 148 747 c
320 687 423 746 Aderit
437 701 541 762 sospes
557 691 688 744 actutum
704 701 850 761 pareus.

166 784 222 832 PH.
240 772 326 848 regui
342 770 452 831 tenacis
468 771 604 830 domiuus
620 777 649 828 et
664 770 768 829 tacitae
784 769 881 847 Stygis

167 853 275 917 nullam
293 855 410 916 relictos
426 855 496 916 lecit
511 854 546 914 ad
564 871 688 932 superos
704 853 791 913 uiam.

165 939 286 1000 thalami
301 941 432 1001 remittet
446 938 495 998 ille
511 947 661 1017 raptorem
677 937 741 997 sui?
857 980 870 1003 .
1105 949 1162 1000 635

166 1025 223 1086 nisi
237 1024 315 1084 forte
330 1026 423 1085 amori
438 1022 571 1102 placidus
587 1029 617 1083 et
632 1021 737 1082 Pluton
754 1023 846 1082 sedet.

131 1109 157 1167 α’
212 1121 305 1168 ΗΙΡΡ.
328 1107 413 1169 lllum
431 1109 549 1186 quidem
566 1107 651 1186 aequi
668 1105 786 1167 caelites
802 1105 943 1166 reducem
960 1106 1083 1168 dabunt.

165 1193 218 1254 sed
235 1193 304 1253 dum
321 1192 432 1254 tenebit
448 1200 516 1253 uota
532 1194 561 1252 in
577 1193 691 1252 incerto
707 1191 795 1251 deus:

165 1279 274 1356 pietate
289 1295 375 1338 caros
391 1277 489 1338 dehita
508 1277 614 1337 iratres
630 1276 723 1336 oolam

166 1370 194 1422 et
210 1371 238 1422 te
256 1362 395 1422 merebor
410 1381 475 1422 esse
491 1381 528 1422 ue
544 1361 663 1421 uiduam
679 1369 766 1439 putes

165 1465 199 1506 ac
216 1447 268 1507 tihi
283 1449 453 1526 parentis
468 1450 531 1524 ipse
547 1445 693 1524 supplebo
709 1445 818 1506 locum.

137 1557 152 1590 c
207 1544 264 1591 PH.
289 1531 313 1592 Ο
328 1551 396 1610 spes
412 1539 561 1592 amantum
578 1528 707 1590 credula.
732 1529 852 1590 ol'allax
867 1547 960 1590 amor.

143 1661 145 1666 .
165 1619 274 1677 satisne
290 1616 367 1676 dixi?
392 1615 529 1693 precibus
544 1616 670 1676 admotis
685 1633 778 1692 agam.
799 1649 834 1658 -

165 1704 317 1762 miserere.
346 1702 451 1761 tacitae
467 1703 574 1761 mentis
590 1701 695 1760 exaudi
711 1718 825 1778 preces,

164 1786 237 1846 libet
252 1785 332 1864 loqui
348 1787 497 1864 pigetque.
522 1797 616 1844 HtPP.
635 1785 785 1864 quodnam
800 1784 879 1844 istud
895 1783 1004 1844 malum
1022 1785 1087 1846 est?
1108 1799 1164 1846 645

166 1884 222 1930 ΡΗ,
240 1871 319 1948 quod
335 1871 364 1929 in
380 1888 541 1930 nouercam
557 1869 665 1930 cadere
682 1871 729 1929 uir
746 1869 851 1928 credas
866 1869 984 1930 malum.

147 1954 154 1972 '
208 1968 302 2016 ΗΙΡΡ.
327 1954 471 2032 durbigua
487 1973 563 2015 uoce
579 1953 670 2014 uerba
687 1953 827 2032 perplexa
843 1955 930 2014 iacis:

140 2085 146 2118 a
167 2040 257 2100 effare
273 2046 384 2119 aperte.
416 2053 472 2098 ΡΗ.
490 2047 595 2118 pectus
611 2041 747 2099 insanum
764 2056 858 2116 uapor

166 2142 309 2203 amorque
325 2132 429 2184 torret.
461 2125 571 2184 intimis
586 2124 677 2185 leruit
692 2123 773 2184 serus

166 2206 304 2288 [penitus
318 2211 481 2283 medullas,
499 2215 592 2284 atque
604 2226 662 2285 per
676 2226 771 2268 oenoe
784 2206 878 2287 meat]

165 2292 330 2354 uisceribus
346 2294 422 2370 ignis
438 2311 554 2353 mersus
570 2300 599 2354 et
615 2311 710 2353 uenas
725 2292 819 2353 latens

165 2385 199 2438 ut
214 2377 298 2454 agilis
314 2377 385 2438 altas
400 2377 519 2439 llamma
536 2380 685 2457 percurrit
699 2377 809 2437 trabes.

137 2469 154 2518 d
209 2477 302 2522 HtPP.
326 2465 434 2523 Amore
451 2481 558 2542 nempe
575 2463 684 2522 Thesei
700 2470 780 2521 casto
796 2461 888 2521 luris?

166 2561 222 2607 PH.
240 2547 397 2626 Hippolyte
413 2549 455 2607 sic
471 2555 531 2607 est:
555 2547 663 2607 Thesei
678 2546 806 2606 uultus
821 2563 887 2606 amo

166 2631 232 2691 illos
247 2634 362 2709 priores
378 2650 452 2710 quos
468 2631 534 2692 tulit
550 2632 698 2708 quondam
716 2648 789 2708 puer
797 2651 814 2700 ,·

234 2888 283 2937 632
303 2891 425 2936 actutum
438 2888 479 2936 Αε
499 2890 527 2934 at
540 2891 614 2933 tutus
632 2887 659 2934 V
674 2883 732 2946 lon:
747 2900 780 2933 oc
793 2883 897 2946 tutusll
911 2880 985 2948 11636
1004 2885 1088 2935 sedet

165 2958 385 3014 corcolmum
404 2956 489 3004 series
508 2960 534 3002 ut
552 2955 652 3002 uidetur
671 2953 695 3000 E
712 2948 724 3017 ΙΙ
742 2955 791 3002 640
804 2953 900 3002 tuebor
912 2953 937 3001 A
956 2954 1088 3004 merebor

165 3023 190 3072 Ε
202 3018 214 3088 ll
226 3023 274 3072 641
294 3023 351 3071 hac
365 3025 396 3073 ci.
411 3023 485 3071 NHs.
500 3018 511 3086 ll
523 3023 572 3070 643
590 3021 660 3069 dixit
673 3021 696 3068 A
717 3020 772 3067 dixi
785 3021 810 3068 E
822 3016 833 3085 ll
845 3021 894 3069 647
913 3021 1045 3084 perplexe
1058 3023 1086 3070 A

164 3091 298 3156 perplexa
311 3090 366 3140 EV
380 3085 457 3154 11649
477 3103 607 3150 amorque
626 3092 712 3137 torret
729 3104 798 3136 corr.
818 3104 834 3136 a
852 3090 868 3136 2
885 3103 915 3144 m.
935 3102 970 3136 eac
989 3103 1086 3138 amore

164 3163 251 3208 torret
263 3159 288 3206 Ε
307 3157 456 3221 ardorque
474 3159 504 3207 ci.
518 3155 650 3205 Burmann
666 3151 678 3221 ΙΙ
696 3155 800 3204 intimis
814 3156 880 3204 ferit
892 3155 967 3204 ierus
981 3155 1025 3216 ΕΙ,
1046 3158 1087 3206 sic

165 3242 232 3277 corr.
246 3243 262 3274 a
274 3243 304 3274 m.
324 3227 354 3274 2:
375 3226 472 3274 intima
493 3224 560 3292 fprlt
579 3224 655 3272 ferus
674 3227 763 3272 uorat.
782 3223 895 3272 intimas
914 3237 1016 3272 saeuus
1035 3238 1087 3274 uo-

165 3298 209 3343 rat
223 3295 246 3342 A
266 3293 369 3342 intimis
389 3295 494 3342 saerrit
506 3294 581 3342 ferus
599 3293 630 3343 cd
646 3291 723 3340 Gron.
743 3291 837 3341 seruit
849 3290 868 3342 f.
884 3293 914 3341 ei.
929 3289 994 3343 R.P.
1008 3286 1019 3356 ΙΙ
1033 3292 1088 3341 660

164 3361 274 3422 penitus
286 3360 422 3410 medullas
436 3365 519 3424 atque
533 3374 580 3422 per
593 3373 679 3407 uenas
692 3364 767 3408 meat
777 3361 800 3407 A
814 3375 859 3409 om.
869 3358 893 3406 E
906 3361 979 3408 eiecit
987 3359 1068 3412 Gron.
1078 3357 1089 3424 ll

165 3427 213 3473 661
233 3429 312 3474 uenis
327 3429 365 3477 Αε
388 3429 515 3477 uenusR
538 3426 691 3475 membris
710 3429 740 3475 ci.
762 3427 865 3476 Grotius
888 3426 990 3476 fibris
1005 3426 1087 3476 NHr.

166 3494 276 3540 neruis
295 3493 364 3541 Bad.
384 3509 479 3542 uenas
499 3495 548 3544 Bo.
572 3491 583 3558 1]
