2490 3984
191 177 256 242 384
579 189 722 239 rucusrr

194 332 269 394 leuis
286 339 330 392 est
346 349 401 392 nec
415 329 497 392 illum
514 329 625 408 gloriae
640 327 771 390 stimulat
786 329 885 390 decer.

195 423 277 478 errat
290 434 345 496 per
360 415 480 486 orbem,
496 433 556 475 non
573 425 605 475 ut
620 423 764 494 aequetur
780 414 843 475 leui

196 519 251 562 nec
266 507 299 562 ut
313 520 368 580 per
383 500 473 562 urbes
489 517 613 578 maguus
629 498 773 579 argolicas
789 506 850 565 eat,

123 583 129 593 ”
195 586 273 665 quod
290 595 368 647 amet
382 586 522 664 requirit,
540 586 688 662 uirginum
704 583 848 644 thalamos
864 584 945 662 petit.

195 673 218 730 si
236 689 292 749 qua
309 677 353 730 est
368 678 473 748 negata
490 671 619 748 rapitur,
635 671 666 728 iu
682 668 807 748 populos
823 669 910 738 lurit,

194 762 300 833 nuptas
315 755 410 816 ruinis
426 757 542 833 quaerit
558 763 587 815 et
602 755 705 814 uitium
721 756 859 832 inpotens

115 910 117 913 ¹
195 842 291 900 uirtus
308 846 440 900 uocatur.
473 839 579 899 cecidit
594 837 732 899 Oechalia
748 837 849 900 inclita

193 942 329 1005 unusque
344 924 429 986 Titan
446 924 518 984 uidit
533 931 621 1002 atquc
637 941 713 984 unus
728 923 790 983 dies

194 1016 321 1069 stantem
338 1016 368 1069 et
383 1008 548 1070 cadentem.
581 1026 669 1069 causa
684 1006 813 1068 bellandi
829 1014 874 1069 cst
889 1023 982 1069 amor.

194 1095 302 1152 totiens
317 1093 449 1162 timebit,
465 1092 586 1154 Herculi
602 1099 698 1152 natam
716 1109 824 1170 parens

196 1179 332 1254 quotiens
348 1177 481 1256 negabit:
504 1179 599 1238 hostis
614 1185 658 1238 est
670 1181 808 1255 'quisquis
822 1194 909 1238 socer

194 1263 259 1322 sieri
274 1261 407 1332 recusat,
425 1265 448 1323 si
465 1279 556 1339 gener
572 1279 632 1322 non
649 1270 706 1330 est,
722 1262 802 1322 furit.

195 1345 348 1422 posthaec
364 1344 434 1422 quid
450 1347 520 1404 istas
536 1347 678 1402 innocens
692 1363 781 1403 seruo
797 1364 917 1412 manus,

195 1430 290 1490 donec
306 1429 452 1489 furentem
469 1427 587 1488 simulet
602 1445 636 1487 ac
651 1445 739 1487 saeua
756 1444 846 1487 manu

194 1514 328 1574 intendat
343 1531 430 1575 arcus
445 1530 552 1591 meque
568 1519 729 1588 natumque
744 1511 912 1590 opprimat?

194 1600 236 1658 sic
253 1600 393 1675 coniuges
409 1595 528 1677 expellit
542 1594 659 1656 Alcides
672 1613 757 1666 suas,

194 1683 267 1744 haec
284 1692 353 1742 sunt
367 1682 500 1761 repudia.
532 1699 588 1742 nec
603 1687 702 1758 petest
716 1681 782 1740 sieri
797 1696 925 1741 nocens:
1136 1692 1184 1742 435
1229 1671 1230 1762 l

195 1769 283 1828 terris
300 1767 395 1828 uideri
412 1766 575 1828 sceleribus
591 1782 709 1826 causam
725 1767 785 1826 suis
851 1775 854 1782 ’
1229 1765 1230 1768 ’

196 1852 266 1912 lecit
282 1869 453 1913 nouercam.
484 1851 558 1930 quid.
570 1858 671 1928 stupes
686 1851 785 1926 segnis
800 1850 903 1910 lurorl

196 1935 293 1996 scelus
309 1937 514 2014 occupandum
531 1942 585 1996 ast.
606 1952 744 2013 perage,
762 1934 832 1995 dum
848 1934 944 1996 seruet
960 1951 1077 1996 manus.

195 2033 297 2081 uvru.
315 2023 445 2099 perimes
460 2019 617 2081 maritumi

195 2118 315 2165 numu.
643 2102 763 2183 paelicis
779 2110 859 2164 certe
875 2121 968 2166 meae.

197 2202 299 2250 rivus.
318 2197 347 2250 at
362 2190 433 2251 leue
449 2197 591 2250 creatum.
1143 2200 1192 2248 440

198 2286 319 2334 numu.
642 2290 751 2350 nempe
767 2279 796 2333 et
810 2271 949 2333 Alcmena
966 2280 1074 2335 satum.

196 2371 299 2419 NVTR.
318 2357 456 2420 serrone-i
502 2375 503 2378 ’

196 2456 318 2503 unruu.
473 2442 564 2504 ferro.

197 2541 299 2588 nuru.
535 2600 537 2604 v
590 2527 613 2588 si
630 2524 752 2606 nequis?

197 2624 316 2672 numu.
672 2657 675 2664 ,
781 2612 925 2689 perimam
941 2608 1018 2669 dole.

198 2709 301 2756 Nuus.
319 2697 384 2774 quis
398 2697 453 2757 iste
469 2695 553 2757 luror
569 2695 630 2756 est?

197 2794 316 2842 numu.
660 2797 747 2858 quem
764 2796 847 2840 ruens
868 2780 997 2839 coniunx
1019 2778 1129 2842 ducet.

198 2928 399 2936 ...υ-...η-

264 3003 315 3052 419
335 3007 398 3065 post
419 3001 470 3050 420
494 3007 595 3062 transp.
618 2999 695 3052 NHs.
724 2999 811 3049 Vilis
834 3015 887 3049 nec
909 2997 987 3048 illum
1005 3000 1088 3049 NHs.
1116 2999 1131 3062 p

198 3071 249 3120 423
267 3069 297 3119 Si
315 3083 370 3132 qus
390 3071 433 3118 est
451 3083 512 3132 neg.
532 3084 554 3118 ω
590 3067 699 3132 capitur
717 3068 742 3117 A
760 3068 826 3118 Pau.
845 3069 998 3118 uetustiores
1017 3067 1133 3117 R1011

107 3143 112 3151 '
200 3138 248 3200 09
267 3138 373 3201 rapitur
391 3137 548 3186 Ammerr.
576 3134 813 3200 u?)etinp.l.R
833 3131 1041 3200 11425etholia
1060 3143 1087 3198 ψ
1114 3135 1130 3200 Η
1223 3179 1224 3183 ,

197 3206 248 3255 429
267 3205 394 3269 quotiens
413 3217 492 3254 socer
510 3221 531 3254 ω
554 3203 706 3266 quisquis
725 3217 805 3253 socer
820 3203 898 3256 NHs.
916 3205 981 3253 conl.
1000 3203 1090 3256 Herc.
1116 3205 1134 3252 1

198 3290 222 3324 u.
235 3270 387 3338 1171111430
405 3287 459 3322 nnn
479 3272 523 3322 111
540 3271 608 3321 furit
626 3271 701 3320 NHs.
721 3270 789 3320 furit
807 3272 832 3321 A
845 3271 914 3335 Rp?
926 3271 999 3335 Mcp.
1017 3270 1093 3320 ferit
1108 3282 1135 3334 ψ

199 3340 269 3390 feeit
281 3341 347 3390 Pau.
361 3344 522 3390 uetustiores.
536 3336 609 3406 11432
628 3339 760 3388 stimulet
774 3355 792 3388 α
811 3337 981 3404 (rppoprapti
991 3339 1136 3404 sphalma)
1222 3363 1223 3387 r

200 3422 247 3534 pap.
259 3405 359 3535 Bappllzl
377 3410 428 3539 1338
446 3423 531 3474 perge
550 3423 572 3457 ω
590 3421 704 3472 perage
722 3408 824 3471 scripsi.
844 3403 855 3472 ΙΙ
878 3409 929 3458 440
946 3421 1049 3472 nempe
1071 3407 1136 3458 alc.

213 3487 259 3521 om.
280 3488 293 3522 e
