2490 3984
456 263 462 274 ὑ
524 200 723 249 acerrumo

163 342 236 421 quid
252 342 316 420 ipse
331 347 421 402 temet
437 339 567 401 consulis
584 347 705 418 torques
720 356 808 416 rogas

164 444 202 486 an
219 426 323 486 deceat
338 425 395 486 huc
410 426 457 486 tel
482 425 596 504 respice
612 424 649 483 ad
665 432 804 484 matrem:
829 424 922 486 decet.

209 510 266 571 Sed
283 529 335 571 cur
350 517 474 588 repente
490 509 584 570 ccctis
599 511 727 569 aestiuas
743 511 823 570 uices

164 593 289 656 hiberna
304 593 392 672 longa
407 595 498 672 spatia
514 593 683 672 producunt
697 611 781 654 mora

164 687 217 740 aul
232 679 301 758 quid
318 679 456 740 cadentes
473 679 583 740 detinet
598 676 697 740 stellas
712 676 799 756 polo?

165 763 318 824 Phoebum
334 781 495 825 moramur.
526 761 618 824 redde
634 764 692 822 iam
709 763 818 824 munde
834 763 924 824 diem.

551 1028 698 1077 OHORVS.

131 1210 149 1244 a
363 1185 387 1247 0
403 1203 563 1264 regnorum
581 1187 697 1262 maguis
712 1184 799 1245 fallax

321 1271 436 1332 lorluua
455 1271 540 1331 benis
556 1273 585 1330 in
601 1271 754 1348 praecipiti

319 1355 470 1434 dubioque
485 1353 565 1415 locas
581 1356 668 1414 nimis
683 1351 825 1414 excelsos,

320 1456 481 1518 numquam
497 1437 641 1516 placidam
657 1445 774 1515 sceptra
791 1439 933 1517 quierem·

269 1571 273 1582 .
320 1529 474 1582 certumue
489 1523 534 1582 sui
550 1529 673 1582 tenuere
690 1522 784 1591 diem,

321 1604 376 1666 alia
394 1625 429 1666 ex
446 1605 509 1666 aliis
525 1623 596 1666 cura
612 1607 715 1683 seligat

321 1697 467 1770 uexatque
482 1691 595 1750 animos
610 1707 688 1749 noua
704 1697 873 1768 tempestas.

309 1892 315 1903 ·
364 1858 429 1918 Non
445 1859 487 1918 sic
502 1857 607 1938 libycis
622 1857 753 1936 syrtibus
768 1875 878 1936 aequor
934 1913 936 1918 ,

321 1944 392 2003 lurit
408 1942 538 2004 alternos
555 1941 676 2003 uoluere
691 1941 813 2011 iluelus,

321 2045 379 2086 uon
395 2027 502 2086 Euxini
518 2033 617 2104 turget
632 2026 668 2087 ab
684 2027 749 2087 imis

320 2118 457 2172 commuta
474 2111 556 2171 uadis

319 2197 397 2256 unda
413 2195 504 2256 niuali
522 2195 620 2257 uicina
637 2193 720 2272 polo,

319 2281 370 2341 ubi
386 2278 528 2341 caeruleis
543 2280 673 2339 inmunis
688 2281 774 2358 aquis

320 2365 417 2425 lucida
433 2370 533 2426 uersat
549 2363 680 2443 plaustra
696 2364 814 2424 Bootes.

365 2532 401 2592 Vc
416 2533 649 2611 praecipites
664 2549 769 2610 regum
785 2550 870 2592 casus

322 2617 440 2676 fortuna
455 2624 542 2676 retal.

323 2702 414 2761 metui
430 2703 552 2779 cupiunt
568 2702 719 2779 metuique
735 2702 848 2761 liment.

323 2803 381 2844 non
398 2803 456 2846 nox
471 2779 527 2844 illis
543 2784 618 2844 alma
636 2803 772 2846 recessus

323 2867 447 2948 praebet
460 2876 554 2938 tulos,
572 2887 631 2930 neu
648 2887 788 2948 curarum

322 2973 443 3014 somnus
459 2955 586 3014 domitor
602 2963 722 3032 pectora
739 2953 837 3014 soluit.

184 3117 372 3125 .,-.-.----.-.

238 3211 269 3259 61
290 3207 369 3259 ‘cimel
386 3207 412 3258 E
440 3203 452 3273 ΙΙ
481 3209 513 3258 52
533 3206 569 3257 ed
587 3205 693 3258 eOrlel.
714 3211 744 3257 el
762 3209 786 3257 Α
807 3215 883 3271 enac
908 3203 920 3272 ll
949 3208 982 3257 66
1001 3205 1087 3256 reddo

171 3277 250 3326 Gron.
267 3271 279 3342 ll
297 3277 329 3328 57
349 3274 371 3325 0
391 3283 480 3339 omar
496 3271 507 3341 ss
523 3277 556 3326 69
574 3276 608 3327 D.
624 3273 643 3325 l.
658 3276 783 3326 excelsos
800 3275 882 3325 nimis
900 3275 925 3325 E
942 3275 1023 3324 nimis
1043 3290 1088 3324 ex·

171 3344 261 3394 celsos
278 3343 421 3394 LMueller.
445 3344 479 3396 D.
498 3343 578 3392 nimis
598 3343 709 3394 excelse
727 3342 803 3392 loces
822 3343 846 3392 Α
878 3342 990 3393 excelsa
1008 3342 1089 3392 nimie

172 3411 222 3460 Bo.
244 3407 256 3478 ll
276 3413 308 3460 62
328 3427 361 3460 ex
374 3411 436 3462 aliis
449 3428 470 3461 ω
489 3427 522 3461 ex
541 3409 603 3460 alie
622 3411 815 3474 Repiomontaai
832 3411 896 3461 liber
920 3406 931 3475 ll
955 3413 988 3462 63
1005 3413 1091 3460 uexat

172 3478 230 3544 (om.
251 3477 314 3542 que)
334 3479 358 3528 Ε
387 3475 399 3544 ll
428 3481 460 3530 66
480 3477 583 3541 euxini)
604 3493 637 3528 eu
655 3480 681 3530 in
699 3493 751 3530 rae.
769 3477 806 3528 E³
835 3476 847 3544 ll

225 3577 347 3613 suescas
361 3577 442 3617 ruas.
845 3561 886 3623 21
