2550 3978
526 208 688 258 TROADES

115 349 141 408 d'
192 351 254 412 lloc
270 350 325 411 luit
339 347 390 410 illc
406 350 519 411 uictore
535 351 609 427 capi.

150 437 252 497 discite
268 436 353 496 mites
368 432 543 495 Herculis
558 435 646 494 inas.

89 545 92 550 ·
150 539 187 582 an
204 525 264 583 sola
280 518 397 600 placent
412 518 586 580 llcxcnlis
602 520 703 579 armat

113 603 141 662 n'
193 606 271 666 lacet
286 612 353 665 autc
369 603 481 682 pedes
497 621 555 664 nen
572 605 668 664 minor
685 602 734 664 illc

150 690 321 769 supplice
337 687 461 767 supplex
478 689 630 768 uitamque
646 691 727 766 petit.

149 793 273 854 regnum
290 775 410 843 Troiae,

149 876 380 939 quocumque
396 856 476 918 nolet
491 859 641 920 l'cntuna
659 859 742 918 lexat.

30 1051 31 1054 ¹
117 1051 134 1085 a
192 1043 246 1089 vn.
271 1029 372 1089 Matris
387 1028 505 1106 quidem
521 1045 568 1088 me
584 1045 703 1089 maeror
718 1030 857 1089 attonitae
873 1039 989 1101 mouet,

149 1115 241 1192 inagis
255 1114 392 1191 pelasgae
407 1129 455 1172 me
469 1120 567 1172 tamen
584 1119 694 1172 matres
708 1121 845 1183 mouent,

150 1216 273 1278 quarum
289 1199 344 1258 iste
361 1213 483 1273 magnos
498 1199 604 1257 crescit
619 1199 648 1256 in
664 1197 760 1259 luctus
776 1215 861 1276 puer.

149 1297 254 1344 anun.
279 1282 332 1342 has
347 1281 400 1342 has
416 1282 516 1342 ruinas
532 1279 615 1342 nubis
631 1283 659 1340 in
676 1284 806 1343 cinerem
823 1282 907 1342 datas

150 1368 196 1428 liic
212 1366 368 1428 excitabit?
391 1366 446 1428 hae
463 1383 567 1427 manus
583 1366 729 1426 'liciam
747 1369 882 1445 exigent?

151 1451 246 1514 nullas
261 1451 351 1512 habet
366 1469 433 1528 spes
449 1450 553 1520 Tucia,
571 1452 596 1510 si
611 1449 684 1512 tales
701 1451 800 1511 habet.

151 1556 210 1599 non
226 1539 268 1598 sic
283 1538 414 1597 iacemus
430 1535 537 1606 Troes,
556 1543 587 1596 ut
603 1537 738 1614 cuiqnam
756 1545 854 1597 metus

29 1643 30 1690 1
151 1623 296 1700 possimus
314 1638 388 1682 esse.
407 1655 445 1666 -

137 1704 143 1722 '
509 1705 636 1782 Spiritus
651 1706 767 1782 genitor
783 1705 852 1765 lacit
868 1738 909 1752 -

150 1793 201 1853 sed
217 1809 324 1870 nempe
339 1791 460 1851 inactus.
490 1791 554 1868 ipse
569 1797 636 1868 post
650 1789 796 1850 Troiani
813 1798 899 1868 patci·

150 1880 296 1955 posuisset
311 1877 439 1945 animes,
457 1891 562 1952 magna
579 1891 654 1952 quos
668 1875 809 1951 frangunt
825 1873 912 1935 mala.

151 2044 294 2107 famulare
310 2045 386 2106 cello
402 2043 493 2105 nobili
508 2044 612 2106 subeat
627 2047 743 2122 iugum,

150 1963 174 2023 si
190 1979 285 2041 poena
301 1961 424 2038 petitur,
441 1978 516 2039 qnae
532 1961 592 2037 pati
607 1961 727 2036 grauior
743 1961 860 2038 potest?

150 2133 264 2193 seruire
280 2129 372 2190 liccat.
404 2129 509 2208 aliquis
524 2129 580 2189 huc
596 2131 659 2206 regi
675 2131 780 2206 negat?

150 2230 206 2276 vn.
229 2233 288 2274 non
304 2215 361 2275 lioc
377 2213 488 2284 Vlixes,
506 2213 558 2275 sed
574 2222 662 2290 negat
676 2213 799 2275 Calchas
814 2214 876 2274 tibi.

119 2306 135 2356 b
195 2314 301 2361 Anna.
325 2299 549 2360 Omachinatcr
564 2299 676 2359 fraudis
691 2306 720 2358 ct
734 2298 880 2361 scelerum
897 2301 1004 2362 artilex
1090 2310 1141 2360 ⁷60

153 2387 297 2445 uirtute
314 2386 398 2445 cuius
412 2382 518 2444 bellica
535 2401 621 2443 nemo
638 2383 755 2453 occidit,
835 2432 838 2438 .

69 2511 71 2518 -
152 2469 226 2530 dolis
243 2478 273 2530 et
288 2475 351 2530 astu
369 2467 517 2528 maleficae
534 2469 641 2528 mentis
656 2469 753 2528 iacent

153 2556 241 2616 etiam
257 2553 387 2633 Pelasgi,
405 2562 503 2614 uatem
520 2561 549 2613 ct
564 2554 696 2612 insontes
711 2552 783 2612 deos

152 2639 340 2717 praetendis?
364 2638 421 2699 hec
438 2647 483 2698 est
498 2639 627 2716 pectoris
643 2636 756 2698 lacinus
772 2639 832 2698 tuit

28 2787 29 2796 ¹
120 2719 145 2777 b'
198 2724 349 2784 Noctuine
365 2722 448 2784 miles
462 2723 547 2783 lortis
562 2724 592 2782 in
608 2725 693 2801 pueri
710 2741 811 2784 necem

153 2810 209 2869 iani
227 2806 307 2869 solus
324 2807 415 2868 audes
431 2806 542 2884 aliquid
559 2815 588 2868 et
604 2807 684 2868 clarc
701 2808 756 2869 die.

154 2907 208 2952 vn.
233 2893 358 2953 uirtus
373 2891 464 2953 Vlixis
479 2892 616 2953 Danaidis
631 2900 701 2952 ncta
719 2901 762 2955 est
777 2895 846 2954 satis

222 3229 381 3281 VLYSSES
396 3255 402 3269 ·
418 3230 901 3282 ANDROMACHA·ASTYANAX
926 3233 950 3280 Α
979 3247 1026 3281 om.
1051 3230 1077 3279 E

155 3295 475 3365 nto.llnteVL1.om.
498 3295 549 3363 All
567 3299 693 3350 natalias
712 3299 762 3347 lias
780 3299 804 3346 E
823 3299 864 3347 An
883 3298 934 3348 has
953 3299 977 3347 Α
996 3295 1007 3363 ΙΙ
1026 3300 1077 3348 754

156 3367 262 3416 fractus
276 3365 300 3413 Ε
319 3370 426 3416 tractus
440 3368 464 3416 A
477 3363 488 3433 ΙΙ
501 3369 549 3417 767
563 3367 663 3416 subdat
674 3365 699 3414 E
719 3365 818 3414 subeat
831 3366 855 3414 A
868 3362 879 3430 ΙΙ
893 3367 942 3416 760
955 3371 983 3415 et
995 3381 1033 3416 sc.
1049 3365 1074 3415 Ε

154 3450 170 3483 ο
188 3449 228 3486 sc.
249 3435 274 3483 Α
298 3431 309 3498 ΙΙ
333 3435 382 3484 766
401 3451 415 3483 a
434 3435 509 3485 clano
528 3434 553 3483 Ε
572 3439 599 3484 et
617 3433 651 3482 cl.
670 3436 694 3484 A
719 3430 730 3500 {l
754 3434 803 3482 767
822 3433 920 3482 danais
938 3439 1004 3484 nola
1024 3433 1073 3498 Εψ

155 3506 222 3551 nota
239 3501 348 3552 Danais
368 3517 386 3550 α
404 3501 541 3552 Danaidis
559 3505 593 3565 p?
612 3502 769 3552 Heinsiunus
785 3507 867 3552 maior
884 3517 915 3553 iaz.
933 3519 976 3566 pr.
999 3499 1011 3568 ΙΙ

207 3601 330 3636 suuncan
351 3601 433 3635 aucte.
835 3584 872 3647 17
