<?xml version="1.0" encoding="UTF-8"?>
<!DOCTYPE html PUBLIC "-//W3C//DTD XHTML 1.0 Transitional//EN"
    "http://www.w3.org/TR/xhtml1/DTD/xhtml1-transitional.dtd">
<html xmlns="http://www.w3.org/1999/xhtml" xml:lang="en" lang="en">
 <head>
  <title>
</title>
<meta http-equiv="Content-Type" content="text/html;charset=utf-8" />
  <meta name='ocr-system' content='tesseract 3.04.00' />
  <meta name='ocr-capabilities' content='ocr_page ocr_carea ocr_par ocr_line ocrx_word'/>
</head>
<body>
  <div class='ocr_page' id='page_1' title='image "./lannaeisenecaet06senegoog_0036.png"; bbox 0 0 2516 3998; ppageno 0'>
   <div class='ocr_carea' id='block_1_1' title="bbox 500 233 1074 284">
    <p class='ocr_par' dir='ltr' id='par_1_1' title="bbox 500 233 1074 284">
     <span class='ocr_line' id='line_1_1' title="bbox 500 233 1074 284; baseline 0.01 -6"><span class='ocrx_word' id='word_1_1' title='bbox 500 233 698 281; x_wconf 79' lang='lat' dir='ltr'>PRAEFATIO</span> <span class='ocrx_word' id='word_1_2' title='bbox 984 237 1074 284; x_wconf 85' lang='lat' dir='ltr'>XXXI</span> 
     </span>
    </p>
   </div>
   <div class='ocr_carea' id='block_1_2' title="bbox 121 392 1072 959">
    <p class='ocr_par' dir='ltr' id='par_1_2' title="bbox 121 392 1072 959">
     <span class='ocr_line' id='line_1_2' title="bbox 121 392 1069 466; baseline 0.006 -18"><span class='ocrx_word' id='word_1_3' title='bbox 121 409 198 448; x_wconf 88' lang='lat' dir='ltr'>mum</span> <span class='ocrx_word' id='word_1_4' title='bbox 227 407 294 448; x_wconf 92' lang='lat' dir='ltr'>uero</span> <span class='ocrx_word' id='word_1_5' title='bbox 318 393 506 466; x_wconf 70' lang='lat' dir='ltr'>quatennionis</span> <span class='ocrx_word' id='word_1_6' title='bbox 534 392 630 450; x_wconf 87' lang='lat' dir='ltr'>lolium</span> <span class='ocrx_word' id='word_1_7' title='bbox 653 409 715 450; x_wconf 92' lang='lat' dir='ltr'>cum</span> <span class='ocrx_word' id='word_1_8' title='bbox 737 393 861 451; x_wconf 89' lang='lat' dir='ltr'>uersibus</span> <span class='ocrx_word' id='word_1_9' title='bbox 889 395 949 452; x_wconf 79' lang='lat'>697</span> <span class='ocrx_word' id='word_1_10' title='bbox 960 396 1069 454; x_wconf 78' lang='lat'>-736</span> 
     </span>
     <span class='ocr_line' id='line_1_3' title="bbox 123 476 1071 556; baseline 0.003 -22"><span class='ocrx_word' id='word_1_11' title='bbox 123 477 153 551; x_wconf 86' lang='lat' dir='ltr'>(i.</span> <span class='ocrx_word' id='word_1_12' title='bbox 170 476 358 549; x_wconf 84' lang='lat' dir='ltr'>e.401ineis)</span> <span class='ocrx_word' id='word_1_13' title='bbox 381 485 546 552; x_wconf 76' lang='lat' dir='ltr'>occupetur,</span> <span class='ocrx_word' id='word_1_14' title='bbox 569 477 656 535; x_wconf 87' lang='lat' dir='ltr'>lineae</span> <span class='ocrx_word' id='word_1_15' title='bbox 676 485 782 535; x_wconf 90' lang='lat' dir='ltr'>restant</span> <span class='ocrx_word' id='word_1_16' title='bbox 804 478 879 542; x_wconf 77' lang='lat'>280,</span> <span class='ocrx_word' id='word_1_17' title='bbox 899 479 971 536; x_wconf 89' lang='lat' dir='ltr'>unde</span> <span class='ocrx_word' id='word_1_18' title='bbox 992 489 1071 556; x_wconf 87' lang='lat' dir='ltr'>patet</span> 
     </span>
     <span class='ocr_line' id='line_1_4' title="bbox 124 562 1069 638; baseline 0.002 -18"><span class='ocrx_word' id='word_1_19' title='bbox 124 563 142 620; x_wconf 80' lang='lat'><strong>7</strong></span> <span class='ocrx_word' id='word_1_20' title='bbox 164 577 264 618; x_wconf 87' lang='lat' dir='ltr'>uersus</span> <span class='ocrx_word' id='word_1_21' title='bbox 285 562 398 620; x_wconf 91' lang='lat' dir='ltr'>ultimos</span> <span class='ocrx_word' id='word_1_22' title='bbox 421 563 509 638; x_wconf 89' lang='lat' dir='ltr'>primo</span> <span class='ocrx_word' id='word_1_23' title='bbox 537 563 602 620; x_wconf 87' lang='lat' dir='ltr'>lolio</span> <span class='ocrx_word' id='word_1_24' title='bbox 623 565 738 638; x_wconf 79' lang='lat' dir='ltr'><strong>proximi</strong></span> <span class='ocrx_word' id='word_1_25' title='bbox 761 564 882 622; x_wconf 73' lang='lat' dir='ltr'>fasciculi</span> <span class='ocrx_word' id='word_1_26' title='bbox 907 564 1069 622; x_wconf 87' lang='lat' dir='ltr'>tribuendos</span> 
     </span>
     <span class='ocr_line' id='line_1_5' title="bbox 122 645 1069 723; baseline 0.001 -19"><span class='ocrx_word' id='word_1_27' title='bbox 122 665 191 704; x_wconf 85' lang='lat' dir='ltr'>esse.</span> <span class='ocrx_word' id='word_1_28' title='bbox 230 645 303 714; x_wconf 85' lang='lat' dir='ltr'>Quae</span> <span class='ocrx_word' id='word_1_29' title='bbox 326 647 443 704; x_wconf 86' lang='lat' dir='ltr'>sirecte</span> <span class='ocrx_word' id='word_1_30' title='bbox 465 656 529 704; x_wconf 89' lang='lat' dir='ltr'>sunt</span> <span class='ocrx_word' id='word_1_31' title='bbox 551 657 712 723; x_wconf 89' lang='lat' dir='ltr'>conputata,</span> <span class='ocrx_word' id='word_1_32' title='bbox 736 649 802 706; x_wconf 91' lang='lat' dir='ltr'>lled.</span> <span class='ocrx_word' id='word_1_33' title='bbox 820 649 988 708; x_wconf 74' lang='lat'>87-1028</span> <span class='ocrx_word' id='word_1_34' title='bbox 1012 658 1069 706; x_wconf 82' lang='lat' dir='ltr'>tres</span> 
     </span>
     <span class='ocr_line' id='line_1_6' title="bbox 122 731 1067 806; baseline 0.001 -16"><span class='ocrx_word' id='word_1_35' title='bbox 122 731 289 806; x_wconf 75' lang='lat' dir='ltr'>conplebant</span> <span class='ocrx_word' id='word_1_36' title='bbox 309 733 515 806; x_wconf 73' lang='lat' dir='ltr'>quaterniones,</span> <span class='ocrx_word' id='word_1_37' title='bbox 537 751 637 790; x_wconf 88' lang='lat' dir='ltr'>uersus</span> <span class='ocrx_word' id='word_1_38' title='bbox 660 735 724 789; x_wconf 89' lang='lat'>1-</span> <span class='ocrx_word' id='word_1_39' title='bbox 736 735 776 792; x_wconf 86' lang='grc'>86</span> <span class='ocrx_word' id='word_1_40' title='bbox 798 742 825 790; x_wconf 87' lang='lat' dir='ltr'>et</span> <span class='ocrx_word' id='word_1_41' title='bbox 847 733 1067 792; x_wconf 78' lang='lat'>1029-1035</span> 
     </span>
     <span class='ocr_line' id='line_1_7' title="bbox 122 817 1072 894; baseline 0.001 -21"><span class='ocrx_word' id='word_1_42' title='bbox 122 824 200 874; x_wconf 86' lang='lat' dir='ltr'>erant</span> <span class='ocrx_word' id='word_1_43' title='bbox 222 817 249 872; x_wconf 92' lang='lat' dir='ltr'>in</span> <span class='ocrx_word' id='word_1_44' title='bbox 271 819 311 874; x_wconf 86' lang='lat' dir='ltr'>eis</span> <span class='ocrx_word' id='word_1_45' title='bbox 327 820 374 892; x_wconf 91' lang='lat' dir='ltr'>qui</span> <span class='ocrx_word' id='word_1_46' title='bbox 390 820 512 893; x_wconf 77' lang='lat' dir='ltr'>proxime</span> <span class='ocrx_word' id='word_1_47' title='bbox 532 819 728 876; x_wconf 76' lang='lat' dir='ltr'>antecedebant</span> <span class='ocrx_word' id='word_1_48' title='bbox 746 828 773 875; x_wconf 91' lang='lat' dir='ltr'>et</span> <span class='ocrx_word' id='word_1_49' title='bbox 789 819 975 894; x_wconf 86' lang='lat' dir='ltr'>sequebantur</span> <span class='ocrx_word' id='word_1_50' title='bbox 990 819 1072 876; x_wconf 85' lang='lat' dir='ltr'>lasci·</span> 
     </span>
     <span class='ocr_line' id='line_1_8' title="bbox 123 903 201 959; baseline -0.026 -1"><span class='ocrx_word' id='word_1_51' title='bbox 123 903 201 959; x_wconf 91' lang='lat' dir='ltr'>culis.</span> 
     </span>
    </p>
   </div>
   <div class='ocr_carea' id='block_1_3' title="bbox 121 1020 1054 1180">
    <p class='ocr_par' dir='ltr' id='par_1_3' title="bbox 121 1020 1054 1180">
     <span class='ocr_line' id='line_1_9' title="bbox 186 1020 1054 1098; baseline 0.002 -21"><span class='ocrx_word' id='word_1_52' title='bbox 186 1020 280 1094; x_wconf 88' lang='lat' dir='ltr'>Oedipi</span> <span class='ocrx_word' id='word_1_53' title='bbox 297 1021 438 1095; x_wconf 80' lang='lat' dir='ltr'>relliquias</span> <span class='ocrx_word' id='word_1_54' title='bbox 451 1039 520 1096; x_wconf 88' lang='lat' dir='ltr'>quae</span> <span class='ocrx_word' id='word_1_55' title='bbox 537 1022 760 1096; x_wconf 84' lang='lat' dir='ltr'>conplectebatur</span> <span class='ocrx_word' id='word_1_56' title='bbox 777 1023 921 1098; x_wconf 85' lang='lat' dir='ltr'>quaternio</span> <span class='ocrx_word' id='word_1_57' title='bbox 938 1024 1007 1081; x_wconf 89' lang='lat' dir='ltr'>hauc</span> <span class='ocrx_word' id='word_1_58' title='bbox 1020 1025 1054 1080; x_wconf 88' lang='lat' dir='ltr'>lra</span> 
     </span>
     <span class='ocr_line' id='line_1_10' title="bbox 121 1103 331 1180; baseline 0 -18"><span class='ocrx_word' id='word_1_59' title='bbox 121 1105 182 1162; x_wconf 88' lang='lat' dir='ltr'>buit</span> <span class='ocrx_word' id='word_1_60' title='bbox 197 1103 331 1180; x_wconf 79' lang='lat' dir='ltr'>effigiem:</span> 
     </span>
    </p>
   </div>
   <div class='ocr_carea' id='block_1_4' title="bbox 351 1207 743 1436">
    <p class='ocr_par' dir='ltr' id='par_1_4' title="bbox 351 1207 743 1436">
     <span class='ocr_line' id='line_1_11' title="bbox 351 1207 713 1266; baseline 0.006 -2"><span class='ocrx_word' id='word_1_61' title='bbox 351 1209 409 1266; x_wconf 79' lang='lat' dir='ltr'>ru.</span> <span class='ocrx_word' id='word_1_62' title='bbox 498 1209 524 1264; x_wconf 89' lang='lat'>1.</span> <span class='ocrx_word' id='word_1_63' title='bbox 545 1207 713 1266; x_wconf 79' lang='lat' dir='ltr'>err-ose</span> 
     </span>
     <span class='ocr_line' id='line_1_12' title="bbox 482 1291 711 1364; baseline 0.009 -16"><span class='ocrx_word' id='word_1_64' title='bbox 482 1293 524 1364; x_wconf 69' lang='lat'>2.</span> <span class='ocrx_word' id='word_1_65' title='bbox 544 1291 711 1350; x_wconf 79' lang='lat' dir='ltr'>aco-soe</span> 
     </span>
     <span class='ocr_line' id='line_1_13' title="bbox 487 1376 743 1436; baseline -0.004 0"><span class='ocrx_word' id='word_1_66' title='bbox 487 1378 521 1436; x_wconf 82' lang='grc'>,3.</span> <span class='ocrx_word' id='word_1_67' title='bbox 542 1376 743 1435; x_wconf 71' lang='lat' dir='ltr'>ceo-438</span> 
     </span>
    </p>
   </div>
   <div class='ocr_carea' id='block_1_5' title="bbox 468 1444 710 1672">
    <p class='ocr_par' dir='ltr' id='par_1_5' title="bbox 468 1444 710 1672">
     <span class='ocr_line' id='line_1_14' title="bbox 468 1444 710 1672; baseline 0.008 -114"><span class='ocrx_word' id='word_1_68' title='bbox 468 1444 710 1672; x_wconf 44' lang='lat' dir='ltr'>&amp;icoc-519</span> 
     </span>
    </p>
   </div>
   <div class='ocr_carea' id='block_1_6' title="bbox 468 1630 825 1857">
    <p class='ocr_par' dir='ltr' id='par_1_6' title="bbox 468 1630 825 1857">
     <span class='ocr_line' id='line_1_15' title="bbox 493 1630 825 1689; baseline -0.006 0"><span class='ocrx_word' id='word_1_69' title='bbox 493 1633 521 1689; x_wconf 84' lang='grc'>6.</span> <span class='ocrx_word' id='word_1_70' title='bbox 542 1630 743 1688; x_wconf 82' lang='lat'>520-557</span> <span class='ocrx_word' id='word_1_71' title='bbox 823 1647 825 1650; x_wconf 84' lang='lat'>·</span> 
     </span>
     <span class='ocr_line' id='line_1_16' title="bbox 468 1714 708 1772; baseline 0.008 -3"><span class='ocrx_word' id='word_1_72' title='bbox 468 1714 521 1772; x_wconf 55' lang='lat' dir='ltr'>ti.</span> <span class='ocrx_word' id='word_1_73' title='bbox 542 1714 708 1772; x_wconf 73' lang='lat' dir='ltr'>ose-597</span> 
     </span>
     <span class='ocr_line' id='line_1_17' title="bbox 494 1799 709 1857; baseline -0.009 0"><span class='ocrx_word' id='word_1_74' title='bbox 494 1801 522 1857; x_wconf 87' lang='grc'>8.</span> <span class='ocrx_word' id='word_1_75' title='bbox 542 1799 709 1856; x_wconf 82' lang='grc'>598-637</span> 
     </span>
    </p>
   </div>
   <div class='ocr_carea' id='block_1_7' title="bbox 114 1917 1070 2499">
    <p class='ocr_par' dir='ltr' id='par_1_7' title="bbox 114 1917 1070 2499">
     <span class='ocr_line' id='line_1_18' title="bbox 183 1917 1070 1994; baseline 0.002 -20"><span class='ocrx_word' id='word_1_76' title='bbox 183 1919 251 1974; x_wconf 79' lang='lat' dir='ltr'>l&#39;ota</span> <span class='ocrx_word' id='word_1_77' title='bbox 273 1926 362 1974; x_wconf 86' lang='lat' dir='ltr'>autem</span> <span class='ocrx_word' id='word_1_78' title='bbox 380 1919 520 1994; x_wconf 79' lang='lat' dir='ltr'>tragoedia</span> <span class='ocrx_word' id='word_1_79' title='bbox 536 1918 684 1976; x_wconf 90' lang='lat' dir='ltr'>secundum</span> <span class='ocrx_word' id='word_1_80' title='bbox 701 1917 817 1976; x_wconf 86' lang='lat' dir='ltr'>similem</span> <span class='ocrx_word' id='word_1_81' title='bbox 836 1935 888 1992; x_wconf 87' lang='lat' dir='ltr'>qua</span> <span class='ocrx_word' id='word_1_82' title='bbox 904 1918 984 1976; x_wconf 90' lang='lat' dir='ltr'>modo</span> <span class='ocrx_word' id='word_1_83' title='bbox 1006 1927 1070 1976; x_wconf 88' lang='lat' dir='ltr'>utc-</span> 
     </span>
     <span class='ocr_line' id='line_1_19' title="bbox 115 2001 1068 2077; baseline 0.002 -19"><span class='ocrx_word' id='word_1_84' title='bbox 115 2001 213 2059; x_wconf 91' lang='lat' dir='ltr'>bamur</span> <span class='ocrx_word' id='word_1_85' title='bbox 240 2004 407 2077; x_wconf 82' lang='lat' dir='ltr'>computandi</span> <span class='ocrx_word' id='word_1_86' title='bbox 434 2005 668 2062; x_wconf 88' lang='lat' dir='ltr'>rationem-hasce</span> <span class='ocrx_word' id='word_1_87' title='bbox 696 2003 799 2060; x_wconf 92' lang='lat' dir='ltr'>codicis</span> <span class='ocrx_word' id='word_1_88' title='bbox 826 2012 918 2077; x_wconf 89' lang='lat' dir='ltr'>partes</span> <span class='ocrx_word' id='word_1_89' title='bbox 944 2006 1068 2060; x_wconf 87' lang='lat' dir='ltr'>tenuisse</span> 
     </span>
     <span class='ocr_line' id='line_1_20' title="bbox 114 2086 239 2146; baseline 0.008 -4"><span class='ocrx_word' id='word_1_90' title='bbox 114 2086 239 2146; x_wconf 88' lang='lat' dir='ltr'>uidetur:</span> 
     </span>
     <span class='ocr_line' id='line_1_21' title="bbox 270 2172 893 2247; baseline 0 -19"><span class='ocrx_word' id='word_1_91' title='bbox 270 2173 414 2247; x_wconf 90' lang='lat' dir='ltr'>inscriptio</span> <span class='ocrx_word' id='word_1_92' title='bbox 444 2181 471 2230; x_wconf 87' lang='lat' dir='ltr'>et</span> <span class='ocrx_word' id='word_1_93' title='bbox 498 2190 524 2228; x_wconf 89' lang='lat' dir='ltr'>u.</span> <span class='ocrx_word' id='word_1_94' title='bbox 550 2173 642 2229; x_wconf 81' lang='grc'>1-2</span> <span class='ocrx_word' id='word_1_95' title='bbox 659 2175 685 2228; x_wconf 89' lang='lat' dir='ltr'>in</span> <span class='ocrx_word' id='word_1_96' title='bbox 703 2172 754 2228; x_wconf 89' lang='lat' dir='ltr'>line</span> <span class='ocrx_word' id='word_1_97' title='bbox 771 2173 893 2230; x_wconf 81' lang='lat' dir='ltr'>fasciculi</span> 
     </span>
     <span class='ocr_line' id='line_1_22' title="bbox 484 2256 860 2318; baseline -0.003 -4"><span class='ocrx_word' id='word_1_98' title='bbox 484 2256 644 2318; x_wconf 79' lang='lat' dir='ltr'>u.3-943</span> <span class='ocrx_word' id='word_1_99' title='bbox 663 2265 719 2313; x_wconf 90' lang='lat' dir='ltr'>tres</span> <span class='ocrx_word' id='word_1_100' title='bbox 737 2258 860 2315; x_wconf 80' lang='lat' dir='ltr'>fasciculi</span> 
     </span>
     <span class='ocr_line' id='line_1_23' title="bbox 453 2341 1067 2416; baseline 0.002 -17"><span class='ocrx_word' id='word_1_101' title='bbox 453 2341 639 2400; x_wconf 82' lang='lat'>344-1081</span> <span class='ocrx_word' id='word_1_102' title='bbox 660 2343 710 2398; x_wconf 86' lang='lat' dir='ltr'>tria</span> <span class='ocrx_word' id='word_1_103' title='bbox 723 2342 789 2398; x_wconf 88' lang='lat' dir='ltr'>lolia</span> <span class='ocrx_word' id='word_1_104' title='bbox 802 2343 891 2416; x_wconf 89' lang='lat' dir='ltr'>quarti</span> <span class='ocrx_word' id='word_1_105' title='bbox 903 2341 1026 2400; x_wconf 83' lang='lat' dir='ltr'>fasciculi</span> <span class='ocrx_word' id='word_1_106' title='bbox 1038 2351 1067 2400; x_wconf 88' lang='lat' dir='ltr'>et</span> 
     </span>
     <span class='ocr_line' id='line_1_24' title="bbox 656 2426 1065 2499; baseline 0.005 -18"><span class='ocrx_word' id='word_1_107' title='bbox 656 2426 782 2482; x_wconf 90' lang='lat' dir='ltr'>nonnulli</span> <span class='ocrx_word' id='word_1_108' title='bbox 791 2444 889 2482; x_wconf 90' lang='lat' dir='ltr'>uersus</span> <span class='ocrx_word' id='word_1_109' title='bbox 898 2426 1065 2499; x_wconf 82' lang='lat' dir='ltr'>quartilolii.</span> 
     </span>
    </p>
   </div>
   <div class='ocr_carea' id='block_1_8' title="bbox 112 2526 1066 3114">
    <p class='ocr_par' dir='ltr' id='par_1_8' title="bbox 112 2526 1065 2925">
     <span class='ocr_line' id='line_1_25' title="bbox 179 2526 1065 2602; baseline 0.003 -21"><span class='ocrx_word' id='word_1_110' title='bbox 179 2527 308 2584; x_wconf 86' lang='lat' dir='ltr'>Videmus</span> <span class='ocrx_word' id='word_1_111' title='bbox 335 2529 420 2602; x_wconf 83' lang='lat' dir='ltr'>igitur</span> <span class='ocrx_word' id='word_1_112' title='bbox 445 2536 569 2584; x_wconf 88' lang='lat' dir='ltr'>neutram</span> <span class='ocrx_word' id='word_1_113' title='bbox 593 2527 690 2582; x_wconf 87' lang='lat' dir='ltr'>harum</span> <span class='ocrx_word' id='word_1_114' title='bbox 720 2526 923 2600; x_wconf 83' lang='lat' dir='ltr'>tragoediarum</span> <span class='ocrx_word' id='word_1_115' title='bbox 949 2545 963 2583; x_wconf 90' lang='lat' dir='ltr'>a</span> <span class='ocrx_word' id='word_1_116' title='bbox 986 2527 1065 2600; x_wconf 89' lang='lat' dir='ltr'>plena</span> 
     </span>
     <span class='ocr_line' id='line_1_26' title="bbox 115 2610 1065 2687; baseline 0 -19"><span class='ocrx_word' id='word_1_117' title='bbox 115 2615 297 2686; x_wconf 89' lang='lat' dir='ltr'>quaternione</span> <span class='ocrx_word' id='word_1_118' title='bbox 317 2613 452 2687; x_wconf 86' lang='lat' dir='ltr'>incipere,</span> <span class='ocrx_word' id='word_1_119' title='bbox 474 2619 598 2668; x_wconf 89' lang='lat' dir='ltr'>neutram</span> <span class='ocrx_word' id='word_1_120' title='bbox 621 2611 647 2666; x_wconf 92' lang='lat' dir='ltr'>in</span> <span class='ocrx_word' id='word_1_121' title='bbox 664 2611 745 2685; x_wconf 90' lang='lat' dir='ltr'>plena</span> <span class='ocrx_word' id='word_1_122' title='bbox 760 2610 833 2667; x_wconf 85' lang='lat' dir='ltr'>finiri</span> <span class='ocrx_word' id='word_1_123' title='bbox 849 2627 937 2685; x_wconf 92' lang='lat' dir='ltr'>neque</span> <span class='ocrx_word' id='word_1_124' title='bbox 958 2613 996 2668; x_wconf 85' lang='lat' dir='ltr'>ita</span> <span class='ocrx_word' id='word_1_125' title='bbox 1019 2628 1065 2668; x_wconf 88' lang='lat' dir='ltr'>eas</span> 
     </span>
     <span class='ocr_line' id='line_1_27' title="bbox 113 2695 1063 2772; baseline 0 -18"><span class='ocrx_word' id='word_1_126' title='bbox 113 2705 278 2772; x_wconf 88' lang='lat' dir='ltr'>conparatas</span> <span class='ocrx_word' id='word_1_127' title='bbox 294 2705 325 2754; x_wconf 90' lang='lat' dir='ltr'>ut</span> <span class='ocrx_word' id='word_1_128' title='bbox 340 2697 425 2754; x_wconf 85' lang='lat' dir='ltr'>altera</span> <span class='ocrx_word' id='word_1_129' title='bbox 441 2699 553 2754; x_wconf 88' lang='lat' dir='ltr'>alteram</span> <span class='ocrx_word' id='word_1_130' title='bbox 570 2698 709 2770; x_wconf 80' lang='lat' dir='ltr'>excepisse</span> <span class='ocrx_word' id='word_1_131' title='bbox 721 2698 813 2770; x_wconf 86' lang='lat' dir='ltr'>putari</span> <span class='ocrx_word' id='word_1_132' title='bbox 826 2695 922 2771; x_wconf 90' lang='lat' dir='ltr'>possit.</span> <span class='ocrx_word' id='word_1_133' title='bbox 952 2697 990 2752; x_wconf 81' lang='lat' dir='ltr'>lix</span> <span class='ocrx_word' id='word_1_134' title='bbox 1007 2714 1063 2771; x_wconf 88' lang='lat' dir='ltr'>quo</span> 
     </span>
     <span class='ocr_line' id='line_1_28' title="bbox 114 2781 1064 2853; baseline 0 -15"><span class='ocrx_word' id='word_1_135' title='bbox 114 2785 137 2838; x_wconf 91' lang='lat' dir='ltr'>si</span> <span class='ocrx_word' id='word_1_136' title='bbox 153 2783 222 2838; x_wconf 90' lang='lat' dir='ltr'>nihil</span> <span class='ocrx_word' id='word_1_137' title='bbox 239 2783 311 2840; x_wconf 84' lang='lat' dir='ltr'>eliud</span> <span class='ocrx_word' id='word_1_138' title='bbox 327 2783 353 2838; x_wconf 90' lang='lat' dir='ltr'>id</span> <span class='ocrx_word' id='word_1_139' title='bbox 370 2791 443 2840; x_wconf 90' lang='lat' dir='ltr'>certe</span> <span class='ocrx_word' id='word_1_140' title='bbox 460 2782 584 2839; x_wconf 83' lang='lat' dir='ltr'>effecisse</span> <span class='ocrx_word' id='word_1_141' title='bbox 598 2781 678 2838; x_wconf 89' lang='lat' dir='ltr'>nobis</span> <span class='ocrx_word' id='word_1_142' title='bbox 699 2781 840 2844; x_wconf 84' lang='lat' dir='ltr'>uidemur,</span> <span class='ocrx_word' id='word_1_143' title='bbox 864 2781 986 2853; x_wconf 89' lang='lat' dir='ltr'>plures</span> <span class='ocrx_word' id='word_1_144' title='bbox 1008 2783 1064 2838; x_wconf 83' lang='lat' dir='ltr'>nis</span> 
     </span>
     <span class='ocr_line' id='line_1_29' title="bbox 112 2867 848 2925; baseline -0.001 -3"><span class='ocrx_word' id='word_1_145' title='bbox 112 2868 248 2924; x_wconf 92' lang='lat' dir='ltr'>duabus</span> <span class='ocrx_word' id='word_1_146' title='bbox 270 2867 407 2925; x_wconf 82' lang='lat' dir='ltr'>fabulas</span> <span class='ocrx_word' id='word_1_147' title='bbox 429 2868 550 2925; x_wconf 89' lang='lat' dir='ltr'>codicem</span> <span class='ocrx_word' id='word_1_148' title='bbox 573 2867 649 2924; x_wconf 91' lang='lat' dir='ltr'>illum</span> <span class='ocrx_word' id='word_1_149' title='bbox 672 2867 848 2924; x_wconf 86' lang='lat' dir='ltr'>continuisse.</span> 
     </span>
    </p>

    <p class='ocr_par' dir='ltr' id='par_1_9' title="bbox 112 2949 1066 3114">
     <span class='ocr_line' id='line_1_30' title="bbox 176 2949 1066 3028; baseline -0.003 -20"><span class='ocrx_word' id='word_1_150' title='bbox 176 2954 201 3008; x_wconf 91' lang='lat' dir='ltr'>ls</span> <span class='ocrx_word' id='word_1_151' title='bbox 217 2952 287 3009; x_wconf 90' lang='lat' dir='ltr'>liber</span> <span class='ocrx_word' id='word_1_152' title='bbox 303 2969 467 3028; x_wconf 88' lang='lat' dir='ltr'>quamquam</span> <span class='ocrx_word' id='word_1_153' title='bbox 489 2953 572 3009; x_wconf 88' lang='lat' dir='ltr'>alium</span> <span class='ocrx_word' id='word_1_154' title='bbox 589 2951 790 3026; x_wconf 84' lang='lat' dir='ltr'>tragoediarum</span> <span class='ocrx_word' id='word_1_155' title='bbox 808 2950 931 3007; x_wconf 89' lang='lat' dir='ltr'>ordinem</span> <span class='ocrx_word' id='word_1_156' title='bbox 953 2949 1066 3006; x_wconf 91' lang='lat' dir='ltr'>uidetur</span> 
     </span>
     <span class='ocr_line' id='line_1_31' title="bbox 112 3032 1065 3114; baseline -0.004 -20"><span class='ocrx_word' id='word_1_157' title='bbox 112 3045 224 3095; x_wconf 91' lang='lat' dir='ltr'>secutus</span> <span class='ocrx_word' id='word_1_158' title='bbox 240 3032 274 3110; x_wconf 71' lang='lat'>³¹⁴)</span> <span class='ocrx_word' id='word_1_159' title='bbox 303 3055 364 3096; x_wconf 90' lang='lat' dir='ltr'>esse</span> <span class='ocrx_word' id='word_1_160' title='bbox 388 3055 467 3114; x_wconf 89' lang='lat' dir='ltr'>quam</span> <span class='ocrx_word' id='word_1_161' title='bbox 490 3037 596 3096; x_wconf 88' lang='lat' dir='ltr'>codices</span> <span class='ocrx_word' id='word_1_162' title='bbox 618 3037 762 3111; x_wconf 83' lang='lat' dir='ltr'>uolgares,</span> <span class='ocrx_word' id='word_1_163' title='bbox 791 3044 881 3093; x_wconf 89' lang='lat' dir='ltr'>tamen</span> <span class='ocrx_word' id='word_1_164' title='bbox 909 3037 1065 3110; x_wconf 90' lang='lat' dir='ltr'>scripturae</span> 
     </span>
    </p>
   </div>
   <div class='ocr_carea' id='block_1_9' title="bbox 108 3267 1060 3610">
    <p class='ocr_par' dir='ltr' id='par_1_10' title="bbox 110 3267 1060 3404">
     <span class='ocr_line' id='line_1_32' title="bbox 110 3267 1060 3336; baseline -0.004 -15"><span class='ocrx_word' id='word_1_165' title='bbox 110 3274 135 3322; x_wconf 86' lang='lat' dir='ltr'>is</span> <span class='ocrx_word' id='word_1_166' title='bbox 152 3273 275 3322; x_wconf 80' lang='lat' dir='ltr'>numeris</span> <span class='ocrx_word' id='word_1_167' title='bbox 293 3271 394 3321; x_wconf 82' lang='lat' dir='ltr'>nostris</span> <span class='ocrx_word' id='word_1_168' title='bbox 413 3271 444 3322; x_wconf 79' lang='lat'>15</span> <span class='ocrx_word' id='word_1_169' title='bbox 458 3270 543 3320; x_wconf 82' lang='lat' dir='ltr'>addet</span> <span class='ocrx_word' id='word_1_170' title='bbox 555 3274 672 3336; x_wconf 90' lang='lat' dir='ltr'>oportet.</span> <span class='ocrx_word' id='word_1_171' title='bbox 701 3269 744 3319; x_wconf 86' lang='lat' dir='ltr'>Ad</span> <span class='ocrx_word' id='word_1_172' title='bbox 757 3269 785 3319; x_wconf 90' lang='lat' dir='ltr'>id</span> <span class='ocrx_word' id='word_1_173' title='bbox 798 3267 868 3335; x_wconf 87' lang='lat' dir='ltr'>quod</span> <span class='ocrx_word' id='word_1_174' title='bbox 880 3269 974 3318; x_wconf 83' lang='lat' dir='ltr'>nostre</span> <span class='ocrx_word' id='word_1_175' title='bbox 994 3281 1060 3317; x_wconf 77' lang='lat' dir='ltr'>con-</span> 
     </span>
     <span class='ocr_line' id='line_1_33' title="bbox 112 3334 1007 3404; baseline -0.004 -15"><span class='ocrx_word' id='word_1_176' title='bbox 112 3341 261 3404; x_wconf 85' lang='lat' dir='ltr'>putatione</span> <span class='ocrx_word' id='word_1_177' title='bbox 275 3339 468 3404; x_wconf 81' lang='lat' dir='ltr'>consequimur</span> <span class='ocrx_word' id='word_1_178' title='bbox 481 3353 514 3389; x_wconf 81' lang='lat' dir='ltr'>ea</span> <span class='ocrx_word' id='word_1_179' title='bbox 526 3338 684 3388; x_wconf 83' lang='lat' dir='ltr'>differentia</span> <span class='ocrx_word' id='word_1_180' title='bbox 697 3337 800 3387; x_wconf 88' lang='lat' dir='ltr'>nullius</span> <span class='ocrx_word' id='word_1_181' title='bbox 815 3340 857 3388; x_wconf 83' lang='lat' dir='ltr'>est</span> <span class='ocrx_word' id='word_1_182' title='bbox 868 3334 1007 3385; x_wconf 87' lang='lat' dir='ltr'>momenti.</span> 
     </span>
    </p>

    <p class='ocr_par' dir='ltr' id='par_1_11' title="bbox 108 3401 1059 3610">
     <span class='ocr_line' id='line_1_34' title="bbox 180 3401 1059 3472; baseline -0.007 -14"><span class='ocrx_word' id='word_1_183' title='bbox 180 3406 206 3472; x_wconf 74' lang='lat'>*)</span> <span class='ocrx_word' id='word_1_184' title='bbox 229 3408 328 3472; x_wconf 86' lang='lat' dir='ltr'>Neque</span> <span class='ocrx_word' id='word_1_185' title='bbox 345 3407 488 3472; x_wconf 83' lang='lat' dir='ltr'>uolgarem</span> <span class='ocrx_word' id='word_1_186' title='bbox 510 3422 599 3472; x_wconf 86' lang='lat' dir='ltr'>neque</span> <span class='ocrx_word' id='word_1_187' title='bbox 617 3407 791 3456; x_wconf 83' lang='lat' dir='ltr'>florentinum</span> <span class='ocrx_word' id='word_1_188' title='bbox 809 3402 965 3454; x_wconf 81' lang='lat' dir='ltr'>fabularum</span> <span class='ocrx_word' id='word_1_189' title='bbox 987 3401 1059 3453; x_wconf 89' lang='lat' dir='ltr'>ordi·</span> 
     </span>
     <span class='ocr_line' id='line_1_35' title="bbox 109 3469 1059 3540; baseline -0.006 -14"><span class='ocrx_word' id='word_1_190' title='bbox 109 3491 174 3526; x_wconf 86' lang='lat' dir='ltr'>nem</span> <span class='ocrx_word' id='word_1_191' title='bbox 192 3476 297 3540; x_wconf 82' lang='lat' dir='ltr'>tenuit,</span> <span class='ocrx_word' id='word_1_192' title='bbox 316 3475 345 3524; x_wconf 86' lang='lat' dir='ltr'>id</span> <span class='ocrx_word' id='word_1_193' title='bbox 363 3473 434 3540; x_wconf 87' lang='lat' dir='ltr'>quod</span> <span class='ocrx_word' id='word_1_194' title='bbox 446 3489 501 3525; x_wconf 90' lang='lat' dir='ltr'>non</span> <span class='ocrx_word' id='word_1_195' title='bbox 520 3474 633 3524; x_wconf 79' lang='lat' dir='ltr'>difficile</span> <span class='ocrx_word' id='word_1_196' title='bbox 652 3479 727 3525; x_wconf 82' lang='lat' dir='ltr'>esset</span> <span class='ocrx_word' id='word_1_197' title='bbox 744 3469 919 3537; x_wconf 85' lang='lat' dir='ltr'>conputendo</span> <span class='ocrx_word' id='word_1_198' title='bbox 932 3471 1059 3536; x_wconf 84' lang='lat' dir='ltr'>probare.</span> 
     </span>
     <span class='ocr_line' id='line_1_36' title="bbox 108 3539 1057 3610; baseline -0.006 -16"><span class='ocrx_word' id='word_1_199' title='bbox 108 3543 165 3595; x_wconf 84' lang='lat' dir='ltr'>Sed</span> <span class='ocrx_word' id='word_1_200' title='bbox 182 3544 297 3596; x_wconf 80' lang='lat' dir='ltr'>tertium</span> <span class='ocrx_word' id='word_1_201' title='bbox 314 3543 451 3610; x_wconf 83' lang='lat' dir='ltr'>quendam</span> <span class='ocrx_word' id='word_1_202' title='bbox 469 3543 593 3608; x_wconf 85' lang='lat' dir='ltr'>estquod</span> <span class='ocrx_word' id='word_1_203' title='bbox 611 3542 781 3607; x_wconf 82' lang='lat' dir='ltr'>suspicemur</span> <span class='ocrx_word' id='word_1_204' title='bbox 797 3546 826 3590; x_wconf 90' lang='lat' dir='ltr'>in</span> <span class='ocrx_word' id='word_1_205' title='bbox 839 3555 871 3592; x_wconf 93' lang='lat' dir='ltr'>eo</span> <span class='ocrx_word' id='word_1_206' title='bbox 884 3539 971 3591; x_wconf 83' lang='lat' dir='ltr'>fuisse</span> <span class='ocrx_word' id='word_1_207' title='bbox 985 3539 1057 3590; x_wconf 59' lang='lat' dir='ltr'>ordi*</span> 
     </span>
    </p>
   </div>
   <div class='ocr_carea' id='block_1_10' title="bbox 0 0 1262 3998">
    <p class='ocr_par' dir='ltr' id='par_1_12' title="bbox 0 0 1262 3998">
     <span class='ocr_line' id='line_1_37' title="bbox 0 0 1262 3998; baseline 0 6"><span class='ocrx_word' id='word_1_208' title='bbox 0 0 1262 3998; x_wconf 95' lang='lat' dir='ltr'> </span> 
     </span>
    </p>
   </div>
  </div>
 </body>
</html>
