2526 3986
183 179 243 244 108
453 194 485 242 n.
510 193 643 243 suuntur
666 193 823 244 sunnone

183 351 242 393 uno
258 334 324 394 auia
339 341 427 412 partu
442 333 553 396 liberos
568 335 685 413 peperit
700 335 766 395 uiro

182 436 216 479 ae
232 418 288 478 sibi
303 426 436 496 nepotes.
463 425 595 480 monstra
612 420 677 497 quis
692 415 932 495 tantaexplieat?

183 521 238 581 ego
254 504 317 582 ipse
333 505 427 564 uictae
444 502 536 582 spolia
552 504 602 582 qui
618 503 756 581 Sphingis
772 502 835 572 tuli,

182 586 312 648 haerebo
329 588 379 649 lati
394 589 496 648 tardus
510 590 659 666 interpres
674 591 742 648 mei.
850 605 852 610 ’

147 663 170 721 0'
225 675 286 734 Ant
288 717 566 734 ......
601 693 607 702 ·
612 718 832 734 .....

149 1095 168 1143 b
225 1093 330 1171 Oedap.
348 1094 423 1166 Quid
439 1095 538 1174 perdis
554 1094 630 1156 ultra
646 1094 757 1156 uerba?
774 1096 843 1175 quid
860 1104 964 1175 pectus
979 1095 1080 1157 lerum
1125 1105 1180 1153 140

180 1177 295 1240 rnnlli're
309 1187 405 1240 tentas
422 1179 580 1259 precibus?
600 1180 656 1240 hoe
672 1183 770 1242 animo
786 1181 870 1242 sedet

180 1263 331 1325 effundere
347 1265 424 1325 haue
440 1282 507 1325 cum
524 1272 620 1326 morte
635 1262 796 1328 luctantem
812 1266 861 1326 diu

180 1349 308 1409 animam
325 1356 353 1408 et
370 1347 509 1410 tenebras
525 1357 641 1426 petere,
665 1368 733 1410 nam
750 1349 855 1412 sceleri
870 1350 943 1411 haec
957 1367 1025 1411 meo

180 1449 285 1509 parurn
302 1432 359 1493 alta
377 1452 433 1493 nox
450 1441 503 1502 est,
520 1435 645 1494 Tartaro
662 1435 749 1495 condi
764 1436 848 1496 iuuat

180 1523 209 1577 et
224 1518 250 1578 si
265 1517 334 1596 quid
351 1516 427 1579 ultra
444 1517 600 1579 Tartarum
618 1527 671 1580 est.
699 1519 817 1580 tandem
834 1518 906 1580 lihet
1125 1527 1180 1577 145

180 1602 259 1679 quad
276 1599 344 1662 olim
361 1609 487 1680 opertet.
515 1610 611 1664 rnorte
626 1603 779 1681 prohiberi
794 1604 872 1666 haud
888 1621 975 1684 queo.

140 1676 166 1734 b'
224 1686 349 1747 Ferrum
366 1686 507 1765 negabis?
524 1691 628 1749 noxias
642 1687 724 1766 lapso
740 1690 803 1749 uias

179 1769 281 1832 eludes
297 1779 326 1832 et
340 1774 413 1834 artis
429 1770 503 1832 eolla
518 1773 630 1852 laqueis
645 1774 737 1834 inseri

178 1854 368 1933 prohibebis?
389 1856 499 1917 herbas
515 1876 589 1936 quae
606 1856 705 1918 lerunt
720 1856 812 1920 letum
829 1857 963 1920 auferes?

130 2011 134 2020 ,
180 1939 249 2018 quid
266 1941 320 2001 ista
337 1941 453 2002 tandem
470 1959 541 2002 eura
557 1942 693 2020 proficiet
708 1944 775 2004 tua?
1124 1950 1180 2001 150
1256 1997 1257 2014 ,

179 2022 289 2102 ubique
305 2043 386 2086 rnnrs
402 2033 454 2086 est.
483 2034 603 2106 optume
618 2026 676 2086 hoc
692 2028 770 2088 cauit
785 2027 867 2088 deus.
1256 2027 1257 2034 '

180 2110 298 2187 eripere
313 2111 403 2171 uitam
420 2129 508 2172 uerno
524 2129 583 2171 non
600 2111 712 2171 homini
728 2120 834 2191 potest,

178 2200 208 2253 at
223 2210 310 2254 neme
325 2203 466 2256 mortem:
483 2194 562 2256 mille
577 2196 614 2256 ad
629 2195 706 2257 hanc
721 2197 817 2258 aditus
832 2203 941 2277 patent.

126 2274 165 2334 b''
221 2276 268 2338 Nil
282 2296 407 2360 quaero:
425 2279 528 2341 dextra
544 2288 645 2341 noster
661 2289 692 2341 et
705 2281 784 2342 nuda
798 2281 873 2343 solet

179 2362 255 2424 bene
271 2365 386 2425 animus
405 2365 455 2424 uti.
483 2365 585 2425 dextra
601 2383 681 2426 nune
696 2373 758 2426 tntu
773 2367 884 2444 impetu

178 2455 239 2508 toto
255 2446 358 2510 dolore
374 2449 487 2510 uiribus
502 2451 571 2509 tetis
588 2452 665 2510 ueni.

177 2549 238 2592 non
255 2532 369 2594 destino
384 2551 476 2596 unum
493 2532 609 2594 uulneri
624 2543 727 2594 nostro
741 2533 856 2596 locun:

177 2624 257 2677 totus
272 2634 383 2678 nocens
398 2637 477 2680 sunt:
495 2637 552 2697 qua
568 2618 650 2680 uoles
665 2628 791 2681 mortem
809 2621 902 2698 exige.

96 2767 97 2772 η
177 2701 301 2777 effringe
310 2710 419 2779 pectus
435 2720 544 2782 corque
560 2710 603 2764 tot
617 2703 763 2764 scelerum
780 2722 872 2783 capax
929 2701 936 2712 '

178 2784 283 2854 euelle,
301 2794 377 2848 totos
394 2788 540 2848 uiscerum
558 2787 637 2848 nuda
652 2789 742 2849 sinus.

135 2868 168 2928 0⁰
223 2869 245 2929 F
248 2878 361 2932 raeturn
376 2873 502 2933 incitatis
518 2871 624 2934 ictibus
640 2879 742 2950 gutlur
758 2879 843 2934 sonet

176 2952 351 3035 laceraeque
367 2956 431 3018 fixis
446 2956 596 3034 unguibus
612 2975 707 3018 uenae
722 2957 824 3019 fluant.

179 3085 378 3094 Q.—

244 3142 293 3192 13⁷
312 3156 346 3192 ae
359 3142 414 3192 sibi
426 3143 451 3192 A
471 3147 501 3193 at
514 3150 573 3208 ε.ψ
591 3143 647 3193 sibi
665 3148 693 3194 et
705 3144 732 3194 Ε
755 3141 767 3210 ΙΙ
791 3145 914 3210 explicet
927 3143 952 3192 A
972 3143 1100 3209 explicat

173 3208 199 3258 E
210 3205 223 3276 [Ι
236 3211 284 3260 139
296 3209 472 3275 haereboque
485 3211 510 3261 E
524 3226 574 3275 que
587 3227 634 3264 om.
649 3212 682 3261 A.
703 3213 849 3278 Antiponae
861 3213 1003 3264 orationem
1015 3215 1096 3262 inter-

174 3278 267 3328 cidisse
279 3279 345 3328 ut'dlt
354 3277 494 3336 Swoboda,·
507 3281 621 3329 lacunam
632 3282 713 3330 statui
727 3281 754 3330 V
763 3297 879 3331 uersuum
890 3277 901 3347 Η
915 3281 963 3330 147
975 3279 1058 3345 lapsu
1071 3280 1097 3329 Ε

173 3343 254 3409 lapse
267 3346 291 3394 A
311 3360 390 3396 saxa
408 3346 530 3411 lapsuro
548 3347 635 3396 inuia
653 3351 684 3397 ci.
699 3348 775 3398 NHs.
797 3350 808 3414 ΙΙ
830 3351 879 3400 156
897 3349 1010 3399 conieci:
1028 3348 1098 3398 totis

174 3426 231 3459 rue
255 3410 267 3476 ΙΙ
290 3415 338 3463 157
358 3412 472 3463 destina
491 3417 522 3468 ci.
536 3415 612 3466 NHe·
636 3411 648 3482 ll
673 3417 722 3466 160
745 3431 846 3482 eorpus
865 3430 965 3482 corque
983 3433 1006 3467 ω
1023 3431 1095 3467 corr.

175 3476 251 3527 NHs.
275 3473 287 3542 l}
311 3481 359 3528 162
376 3479 525 3532 laneraeue
544 3485 567 3532 A
595 3482 763 3547 laceraeque
783 3483 806 3532 Ε
829 3481 841 3551 ΙΙ
