<?xml version="1.0" encoding="UTF-8"?>
<!DOCTYPE html PUBLIC "-//W3C//DTD XHTML 1.0 Transitional//EN"
    "http://www.w3.org/TR/xhtml1/DTD/xhtml1-transitional.dtd">
<html xmlns="http://www.w3.org/1999/xhtml" xml:lang="en" lang="en">
 <head>
  <title>
</title>
<meta http-equiv="Content-Type" content="text/html;charset=utf-8" />
  <meta name='ocr-system' content='tesseract 3.04.00' />
  <meta name='ocr-capabilities' content='ocr_page ocr_carea ocr_par ocr_line ocrx_word'/>
</head>
<body>
  <div class='ocr_page' id='page_1' title='image "./lannaeisenecaet06senegoog_0248.png"; bbox 0 0 2502 3978; ppageno 0'>
   <div class='ocr_carea' id='block_1_1' title="bbox 524 224 674 272">
    <p class='ocr_par' dir='ltr' id='par_1_1' title="bbox 524 224 674 272">
     <span class='ocr_line' id='line_1_1' title="bbox 524 224 674 272; baseline 0.007 -1"><span class='ocrx_word' id='word_1_1' title='bbox 524 224 674 272; x_wconf 79' lang='lat' dir='ltr'><strong>oumrvs</strong></span> 
     </span>
    </p>
   </div>
   <div class='ocr_carea' id='block_1_2' title="bbox 107 362 955 2548">
    <p class='ocr_par' dir='ltr' id='par_1_2' title="bbox 146 362 851 528">
     <span class='ocr_line' id='line_1_2' title="bbox 146 362 767 434; baseline 0 -9"><span class='ocrx_word' id='word_1_2' title='bbox 146 364 282 425; x_wconf 86' lang='lat' dir='ltr'><strong>caerulea</strong></span> <span class='ocrx_word' id='word_1_3' title='bbox 300 362 388 424; x_wconf 84' lang='lat' dir='ltr'><strong>fuluis</strong></span> <span class='ocrx_word' id='word_1_4' title='bbox 404 365 493 424; x_wconf 81' lang='lat' dir='ltr'><strong>mixta</strong></span> <span class='ocrx_word' id='word_1_5' title='bbox 509 364 661 424; x_wconf 85' lang='lat' dir='ltr'><strong>oberrauit</strong></span> <span class='ocrx_word' id='word_1_6' title='bbox 676 366 767 434; x_wconf 87' lang='lat' dir='ltr'><strong>notis,</strong></span> 
     </span>
     <span class='ocr_line' id='line_1_3' title="bbox 146 447 851 528; baseline -0.001 -17"><span class='ocrx_word' id='word_1_7' title='bbox 146 451 306 528; x_wconf 82' lang='lat' dir='ltr'><strong>sanguinea</strong></span> <span class='ocrx_word' id='word_1_8' title='bbox 324 466 445 518; x_wconf 90' lang='lat' dir='ltr'><strong>rursus,</strong></span> <span class='ocrx_word' id='word_1_9' title='bbox 463 447 566 510; x_wconf 90' lang='lat' dir='ltr'><strong>ultima</strong></span> <span class='ocrx_word' id='word_1_10' title='bbox 581 451 611 508; x_wconf 92' lang='lat' dir='ltr'><strong>in</strong></span> <span class='ocrx_word' id='word_1_11' title='bbox 627 449 766 510; x_wconf 81' lang='lat' dir='ltr'><strong>tenebras</strong></span> <span class='ocrx_word' id='word_1_12' title='bbox 781 449 851 510; x_wconf 88' lang='lat' dir='ltr'><strong>abit.</strong></span> 
     </span>
    </p>

    <p class='ocr_par' dir='ltr' id='par_1_3' title="bbox 110 533 843 1036">
     <span class='ocr_line' id='line_1_4' title="bbox 110 533 831 613; baseline 0.003 -21"><span class='ocrx_word' id='word_1_13' title='bbox 110 533 143 592; x_wconf 81' lang='lat' dir='ltr'><strong>e&#39;&#39;</strong></span> <span class='ocrx_word' id='word_1_14' title='bbox 188 534 247 595; x_wconf 83' lang='lat' dir='ltr'><strong>Sed</strong></span> <span class='ocrx_word' id='word_1_15' title='bbox 263 551 332 594; x_wconf 89' lang='lat' dir='ltr'><strong>ecce</strong></span> <span class='ocrx_word' id='word_1_16' title='bbox 349 551 467 613; x_wconf 83' lang='lat' dir='ltr'>pugnax</span> <span class='ocrx_word' id='word_1_17' title='bbox 483 535 581 612; x_wconf 83' lang='lat' dir='ltr'><strong>ignis</strong></span> <span class='ocrx_word' id='word_1_18' title='bbox 597 535 627 593; x_wconf 91' lang='lat' dir='ltr'><strong>in</strong></span> <span class='ocrx_word' id='word_1_19' title='bbox 644 542 742 612; x_wconf 88' lang='lat' dir='ltr'><strong>partes</strong></span> <span class='ocrx_word' id='word_1_20' title='bbox 758 534 831 594; x_wconf 90' lang='lat' dir='ltr'><strong>duas</strong></span> 
     </span>
     <span class='ocr_line' id='line_1_5' title="bbox 144 618 679 679; baseline -0.002 0"><span class='ocrx_word' id='word_1_21' title='bbox 144 618 270 679; x_wconf 81' lang='lat' dir='ltr'><strong>discedit</strong></span> <span class='ocrx_word' id='word_1_22' title='bbox 286 625 360 679; x_wconf 89' lang='lat' dir='ltr'><strong>etse</strong></span> <span class='ocrx_word' id='word_1_23' title='bbox 377 618 485 679; x_wconf 83' lang='lat' dir='ltr'><strong>scindit</strong></span> <span class='ocrx_word' id='word_1_24' title='bbox 500 619 587 679; x_wconf 92' lang='lat' dir='ltr'><strong>unius</strong></span> <span class='ocrx_word' id='word_1_25' title='bbox 602 620 679 678; x_wconf 88' lang='lat' dir='ltr'><strong>sacri</strong></span> 
     </span>
     <span class='ocr_line' id='line_1_6' title="bbox 144 701 843 781; baseline -0.003 -17"><span class='ocrx_word' id='word_1_26' title='bbox 144 705 257 764; x_wconf 80' lang='lat' dir='ltr'><strong>discors</strong></span> <span class='ocrx_word' id='word_1_27' title='bbox 273 701 382 764; x_wconf 82' lang='lat' dir='ltr'><strong>fauilla.</strong></span> <span class='ocrx_word' id='word_1_28' title='bbox 415 705 531 781; x_wconf 81' lang='lat' dir='ltr'><strong>genitor</strong></span> <span class='ocrx_word' id='word_1_29' title='bbox 547 703 690 764; x_wconf 82' lang='lat' dir='ltr'><strong>horresco</strong></span> <span class='ocrx_word' id='word_1_30' title='bbox 706 705 843 764; x_wconf 88' lang='lat' dir='ltr'><strong>intuens:</strong></span> 
     </span>
     <span class='ocr_line' id='line_1_7' title="bbox 143 787 721 866; baseline 0 -18"><span class='ocrx_word' id='word_1_31' title='bbox 143 788 232 849; x_wconf 90' lang='lat' dir='ltr'><strong>libata</strong></span> <span class='ocrx_word' id='word_1_32' title='bbox 249 787 358 848; x_wconf 88' lang='lat' dir='ltr'><strong>Bacchi</strong></span> <span class='ocrx_word' id='word_1_33' title='bbox 374 787 451 848; x_wconf 90' lang='lat' dir='ltr'><strong>dona</strong></span> <span class='ocrx_word' id='word_1_34' title='bbox 467 795 617 866; x_wconf 91' lang='lat' dir='ltr'><strong>permutat</strong></span> <span class='ocrx_word' id='word_1_35' title='bbox 633 806 721 848; x_wconf 87' lang='lat' dir='ltr'><strong>eruor</strong></span> 
     </span>
     <span class='ocr_line' id='line_1_8' title="bbox 143 872 771 951; baseline -0.003 -17"><span class='ocrx_word' id='word_1_36' title='bbox 143 872 295 951; x_wconf 82' lang='lat' dir='ltr'><strong>ambitque</strong></span> <span class='ocrx_word' id='word_1_37' title='bbox 310 872 421 934; x_wconf 91' lang='lat' dir='ltr'><strong>densus</strong></span> <span class='ocrx_word' id='word_1_38' title='bbox 436 873 550 951; x_wconf 82' lang='lat' dir='ltr'><strong>regium</strong></span> <span class='ocrx_word' id='word_1_39' title='bbox 567 873 666 934; x_wconf 91' lang='lat' dir='ltr'><strong>lumus</strong></span> <span class='ocrx_word' id='word_1_40' title='bbox 682 881 771 951; x_wconf 92' lang='lat' dir='ltr'><strong>caput</strong></span> 
     </span>
     <span class='ocr_line' id='line_1_9' title="bbox 143 957 738 1036; baseline 0.002 -20"><span class='ocrx_word' id='word_1_41' title='bbox 143 959 284 1036; x_wconf 89' lang='lat' dir='ltr'><strong>ipsosque</strong></span> <span class='ocrx_word' id='word_1_42' title='bbox 300 959 379 1017; x_wconf 93' lang='lat' dir='ltr'><strong>circa</strong></span> <span class='ocrx_word' id='word_1_43' title='bbox 394 959 516 1034; x_wconf 85' lang='lat' dir='ltr'><strong>spissior</strong></span> <span class='ocrx_word' id='word_1_44' title='bbox 532 957 631 1018; x_wconf 90' lang='lat' dir='ltr'><strong>uultus</strong></span> <span class='ocrx_word' id='word_1_45' title='bbox 646 957 738 1018; x_wconf 90' lang='lat' dir='ltr'><strong>sedet.</strong></span> 
     </span>
    </p>

    <p class='ocr_par' dir='ltr' id='par_1_4' title="bbox 144 1041 834 1124">
     <span class='ocr_line' id='line_1_10' title="bbox 144 1041 834 1124; baseline 0.003 -22"><span class='ocrx_word' id='word_1_46' title='bbox 144 1042 190 1124; x_wconf 84' lang='lat' dir='ltr'><strong>[et</strong></span> <span class='ocrx_word' id='word_1_47' title='bbox 205 1045 283 1103; x_wconf 78' lang='lat' dir='ltr'><strong>nobe</strong></span> <span class='ocrx_word' id='word_1_48' title='bbox 297 1045 391 1102; x_wconf 83' lang='lat' dir='ltr'><strong>densa</strong></span> <span class='ocrx_word' id='word_1_49' title='bbox 406 1045 564 1103; x_wconf 78' lang='lat' dir='ltr'><strong>sordidum</strong></span> <span class='ocrx_word' id='word_1_50' title='bbox 579 1046 674 1104; x_wconf 81' lang='lat' dir='ltr'><strong>lucem</strong></span> <span class='ocrx_word' id='word_1_51' title='bbox 691 1041 834 1122; x_wconf 72' lang='lat' dir='ltr'><strong>aedidit]</strong></span> 
     </span>
    </p>

    <p class='ocr_par' dir='ltr' id='par_1_5' title="bbox 107 1121 887 1712">
     <span class='ocr_line' id='line_1_11' title="bbox 107 1121 570 1204; baseline -0.004 -17"><span class='ocrx_word' id='word_1_52' title='bbox 107 1121 124 1169; x_wconf 86' lang='lat' dir='ltr'><strong>d</strong></span> <span class='ocrx_word' id='word_1_53' title='bbox 186 1125 262 1196; x_wconf 85' lang='lat' dir='ltr'><strong>Quid</strong></span> <span class='ocrx_word' id='word_1_54' title='bbox 278 1128 330 1196; x_wconf 89' lang='lat' dir='ltr'><strong>sit,</strong></span> <span class='ocrx_word' id='word_1_55' title='bbox 347 1145 455 1204; x_wconf 89' lang='lat' dir='ltr'><strong>parens</strong></span> <span class='ocrx_word' id='word_1_56' title='bbox 472 1127 570 1186; x_wconf 86' lang='lat' dir='ltr'><strong>ellare.</strong></span> 
     </span>
     <span class='ocr_line' id='line_1_12' title="bbox 143 1212 877 1291; baseline 0.003 -21"><span class='ocrx_word' id='word_1_57' title='bbox 143 1225 212 1271; x_wconf 77' lang='lat' dir='ltr'><strong>rur.</strong></span> <span class='ocrx_word' id='word_1_58' title='bbox 614 1212 682 1291; x_wconf 90' lang='lat' dir='ltr'><strong>quid</strong></span> <span class='ocrx_word' id='word_1_59' title='bbox 699 1213 755 1272; x_wconf 86' lang='lat' dir='ltr'><strong>lari</strong></span> <span class='ocrx_word' id='word_1_60' title='bbox 771 1229 877 1288; x_wconf 80' lang='lat' dir='ltr'>queam</span> 
     </span>
     <span class='ocr_line' id='line_1_13' title="bbox 141 1294 787 1374; baseline 0.002 -19"><span class='ocrx_word' id='word_1_61' title='bbox 141 1298 221 1356; x_wconf 90' lang='lat' dir='ltr'><strong>inter</strong></span> <span class='ocrx_word' id='word_1_62' title='bbox 237 1294 381 1356; x_wconf 91' lang='lat' dir='ltr'><strong>tumultus</strong></span> <span class='ocrx_word' id='word_1_63' title='bbox 398 1297 503 1356; x_wconf 89' lang='lat' dir='ltr'><strong>mentis</strong></span> <span class='ocrx_word' id='word_1_64' title='bbox 519 1297 659 1357; x_wconf 90' lang='lat' dir='ltr'><strong>attonitae</strong></span> <span class='ocrx_word' id='word_1_65' title='bbox 675 1298 787 1374; x_wconf 78' lang='lat' dir='ltr'><strong>uagus?</strong></span> 
     </span>
     <span class='ocr_line' id='line_1_14' title="bbox 142 1378 887 1458; baseline 0 -18"><span class='ocrx_word' id='word_1_66' title='bbox 142 1381 284 1458; x_wconf 85' lang='lat' dir='ltr'><strong>quidnam</strong></span> <span class='ocrx_word' id='word_1_67' title='bbox 301 1378 426 1458; x_wconf 79' lang='lat' dir='ltr'><strong>loquar?</strong></span> <span class='ocrx_word' id='word_1_68' title='bbox 450 1389 519 1440; x_wconf 88' lang='lat' dir='ltr'><strong>suut</strong></span> <span class='ocrx_word' id='word_1_69' title='bbox 534 1380 597 1440; x_wconf 91' lang='lat' dir='ltr'><strong>dira</strong></span> <span class='ocrx_word' id='word_1_70' title='bbox 614 1381 665 1441; x_wconf 88' lang='lat' dir='ltr'><strong>sed</strong></span> <span class='ocrx_word' id='word_1_71' title='bbox 683 1383 711 1441; x_wconf 92' lang='lat' dir='ltr'><strong>in</strong></span> <span class='ocrx_word' id='word_1_72' title='bbox 728 1381 786 1442; x_wconf 90' lang='lat' dir='ltr'><strong>altu</strong></span> <span class='ocrx_word' id='word_1_73' title='bbox 803 1380 887 1442; x_wconf 91' lang='lat' dir='ltr'><strong>mala.</strong></span> 
     </span>
     <span class='ocr_line' id='line_1_15' title="bbox 143 1464 788 1526; baseline 0 -2"><span class='ocrx_word' id='word_1_74' title='bbox 143 1464 219 1526; x_wconf 89' lang='lat' dir='ltr'><strong>solet</strong></span> <span class='ocrx_word' id='word_1_75' title='bbox 234 1467 277 1526; x_wconf 90' lang='lat' dir='ltr'><strong>ira</strong></span> <span class='ocrx_word' id='word_1_76' title='bbox 296 1465 385 1524; x_wconf 88' lang='lat' dir='ltr'><strong>certis</strong></span> <span class='ocrx_word' id='word_1_77' title='bbox 400 1466 555 1525; x_wconf 91' lang='lat' dir='ltr'><strong>numinum</strong></span> <span class='ocrx_word' id='word_1_78' title='bbox 571 1467 686 1526; x_wconf 91' lang='lat' dir='ltr'><strong>ostendi</strong></span> <span class='ocrx_word' id='word_1_79' title='bbox 702 1467 788 1526; x_wconf 92' lang='lat' dir='ltr'><strong>uotis.</strong></span> 
     </span>
     <span class='ocr_line' id='line_1_16' title="bbox 143 1548 832 1628; baseline 0 -19"><span class='ocrx_word' id='word_1_80' title='bbox 143 1548 213 1627; x_wconf 89' lang='lat' dir='ltr'><strong>quid</strong></span> <span class='ocrx_word' id='word_1_81' title='bbox 230 1549 307 1609; x_wconf 90' lang='lat' dir='ltr'><strong>istud</strong></span> <span class='ocrx_word' id='word_1_82' title='bbox 325 1557 369 1609; x_wconf 89' lang='lat' dir='ltr'><strong>est</strong></span> <span class='ocrx_word' id='word_1_83' title='bbox 387 1549 466 1628; x_wconf 94' lang='lat' dir='ltr'><strong>quod</strong></span> <span class='ocrx_word' id='word_1_84' title='bbox 483 1567 547 1610; x_wconf 87' lang='lat' dir='ltr'><strong>esse</strong></span> <span class='ocrx_word' id='word_1_85' title='bbox 561 1549 710 1627; x_wconf 87' lang='lat' dir='ltr'><strong>prolatum</strong></span> <span class='ocrx_word' id='word_1_86' title='bbox 728 1550 832 1610; x_wconf 89' lang='lat' dir='ltr'><strong>uolunt</strong></span> 
     </span>
     <span class='ocr_line' id='line_1_17' title="bbox 142 1633 800 1712; baseline -0.005 -18"><span class='ocrx_word' id='word_1_87' title='bbox 142 1635 310 1712; x_wconf 78' lang='lat' dir='ltr'><strong>iterumque</strong></span> <span class='ocrx_word' id='word_1_88' title='bbox 326 1633 430 1695; x_wconf 91' lang='lat' dir='ltr'><strong>nolunt</strong></span> <span class='ocrx_word' id='word_1_89' title='bbox 445 1642 474 1694; x_wconf 90' lang='lat' dir='ltr'><strong>et</strong></span> <span class='ocrx_word' id='word_1_90' title='bbox 488 1642 588 1694; x_wconf 87' lang='lat' dir='ltr'><strong>truces</strong></span> <span class='ocrx_word' id='word_1_91' title='bbox 602 1636 664 1694; x_wconf 90' lang='lat' dir='ltr'><strong>iras</strong></span> <span class='ocrx_word' id='word_1_92' title='bbox 680 1636 800 1712; x_wconf 79' lang='lat' dir='ltr'><strong>tegunt?</strong></span> 
     </span>
    </p>

    <p class='ocr_par' dir='ltr' id='par_1_6' title="bbox 107 1717 955 2050">
     <span class='ocr_line' id='line_1_18' title="bbox 107 1717 955 1798; baseline 0.002 -20"><span class='ocrx_word' id='word_1_93' title='bbox 107 1720 132 1778; x_wconf 90' lang='lat' dir='ltr'><strong>d&#39;</strong></span> <span class='ocrx_word' id='word_1_94' title='bbox 186 1717 282 1778; x_wconf 89' lang='lat' dir='ltr'><strong>Pudet</strong></span> <span class='ocrx_word' id='word_1_95' title='bbox 297 1719 368 1778; x_wconf 78' lang='lat' dir='ltr'><strong>cleos</strong></span> <span class='ocrx_word' id='word_1_96' title='bbox 385 1717 483 1778; x_wconf 86' lang='lat' dir='ltr'><strong>nesc&#39;io</strong></span> <span class='ocrx_word' id='word_1_97' title='bbox 499 1719 579 1798; x_wconf 92' lang='lat' dir='ltr'><strong>quid.</strong></span> <span class='ocrx_word' id='word_1_98' title='bbox 611 1718 671 1779; x_wconf 93' lang='lat' dir='ltr'><strong>huc</strong></span> <span class='ocrx_word' id='word_1_99' title='bbox 686 1736 814 1796; x_wconf 85' lang='lat' dir='ltr'><strong>propere</strong></span> <span class='ocrx_word' id='word_1_100' title='bbox 830 1719 955 1780; x_wconf 92' lang='lat' dir='ltr'><strong>admoue</strong></span> 
     </span>
     <span class='ocr_line' id='line_1_19' title="bbox 142 1801 750 1880; baseline -0.003 -16"><span class='ocrx_word' id='word_1_101' title='bbox 142 1810 172 1864; x_wconf 94' lang='lat' dir='ltr'><strong>et</strong></span> <span class='ocrx_word' id='word_1_102' title='bbox 187 1820 294 1880; x_wconf 86' lang='lat' dir='ltr'><strong>sparge</strong></span> <span class='ocrx_word' id='word_1_103' title='bbox 309 1801 385 1863; x_wconf 89' lang='lat' dir='ltr'><strong>salsa</strong></span> <span class='ocrx_word' id='word_1_104' title='bbox 402 1802 477 1864; x_wconf 86' lang='lat' dir='ltr'><strong>colla</strong></span> <span class='ocrx_word' id='word_1_105' title='bbox 492 1810 646 1863; x_wconf 90' lang='lat' dir='ltr'><strong>taurorum</strong></span> <span class='ocrx_word' id='word_1_106' title='bbox 663 1802 750 1863; x_wconf 93' lang='lat' dir='ltr'><strong>mola.</strong></span> 
     </span>
     <span class='ocr_line' id='line_1_20' title="bbox 141 1886 813 1966; baseline 0.004 -20"><span class='ocrx_word' id='word_1_107' title='bbox 141 1887 299 1966; x_wconf 80' lang='lat' dir='ltr'><strong>placidone</strong></span> <span class='ocrx_word' id='word_1_108' title='bbox 315 1886 399 1947; x_wconf 91' lang='lat' dir='ltr'><strong>uultu</strong></span> <span class='ocrx_word' id='word_1_109' title='bbox 415 1905 499 1948; x_wconf 89' lang='lat' dir='ltr'><strong>sacra</strong></span> <span class='ocrx_word' id='word_1_110' title='bbox 516 1894 545 1948; x_wconf 91' lang='lat' dir='ltr'><strong>et</strong></span> <span class='ocrx_word' id='word_1_111' title='bbox 560 1887 693 1948; x_wconf 89' lang='lat' dir='ltr'><strong>admotas</strong></span> <span class='ocrx_word' id='word_1_112' title='bbox 709 1905 813 1949; x_wconf 90' lang='lat' dir='ltr'><strong>manus</strong></span> 
     </span>
     <span class='ocr_line' id='line_1_21' title="bbox 141 1973 313 2050; baseline 0 -18"><span class='ocrx_word' id='word_1_113' title='bbox 141 1973 313 2050; x_wconf 79' lang='lat' dir='ltr'><strong>patiuntur?</strong></span> 
     </span>
    </p>

    <p class='ocr_par' dir='ltr' id='par_1_7' title="bbox 140 2054 872 2303">
     <span class='ocr_line' id='line_1_22' title="bbox 141 2054 801 2135; baseline -0.002 -19"><span class='ocrx_word' id='word_1_114' title='bbox 141 2070 226 2116; x_wconf 78' lang='lat' dir='ltr'>MAN.</span> <span class='ocrx_word' id='word_1_115' title='bbox 336 2054 426 2116; x_wconf 92' lang='lat' dir='ltr'><strong>altum</strong></span> <span class='ocrx_word' id='word_1_116' title='bbox 443 2063 544 2117; x_wconf 88' lang='lat' dir='ltr'><strong>taurus</strong></span> <span class='ocrx_word' id='word_1_117' title='bbox 561 2055 696 2118; x_wconf 90' lang='lat' dir='ltr'><strong>attollens</strong></span> <span class='ocrx_word' id='word_1_118' title='bbox 712 2063 801 2135; x_wconf 90' lang='lat' dir='ltr'><strong>caput</strong></span> 
     </span>
     <span class='ocr_line' id='line_1_23' title="bbox 140 2141 759 2219; baseline 0.005 -20"><span class='ocrx_word' id='word_1_119' title='bbox 140 2141 254 2218; x_wconf 91' lang='lat' dir='ltr'><strong>primos</strong></span> <span class='ocrx_word' id='word_1_120' title='bbox 271 2141 305 2201; x_wconf 91' lang='lat' dir='ltr'><strong>ad</strong></span> <span class='ocrx_word' id='word_1_121' title='bbox 323 2147 407 2200; x_wconf 89' lang='lat' dir='ltr'><strong>ortus</strong></span> <span class='ocrx_word' id='word_1_122' title='bbox 422 2143 535 2218; x_wconf 88' lang='lat' dir='ltr'><strong>positus</strong></span> <span class='ocrx_word' id='word_1_123' title='bbox 547 2143 666 2219; x_wconf 84' lang='lat' dir='ltr'><strong>expauit</strong></span> <span class='ocrx_word' id='word_1_124' title='bbox 682 2141 759 2202; x_wconf 92' lang='lat' dir='ltr'><strong>diem</strong></span> 
     </span>
     <span class='ocr_line' id='line_1_24' title="bbox 141 2223 872 2303; baseline -0.001 -18"><span class='ocrx_word' id='word_1_125' title='bbox 141 2225 336 2303; x_wconf 88' lang='lat' dir='ltr'><strong>trepidusque</strong></span> <span class='ocrx_word' id='word_1_126' title='bbox 353 2223 467 2285; x_wconf 87' lang='lat' dir='ltr'><strong>uultum</strong></span> <span class='ocrx_word' id='word_1_127' title='bbox 484 2224 615 2303; x_wconf 88' lang='lat' dir='ltr'><strong>obliquat</strong></span> <span class='ocrx_word' id='word_1_128' title='bbox 630 2234 659 2286; x_wconf 89' lang='lat' dir='ltr'><strong>et</strong></span> <span class='ocrx_word' id='word_1_129' title='bbox 674 2226 773 2287; x_wconf 90' lang='lat' dir='ltr'><strong>radios</strong></span> <span class='ocrx_word' id='word_1_130' title='bbox 788 2227 872 2303; x_wconf 81' lang='lat' dir='ltr'><strong>fugit.</strong></span> 
     </span>
    </p>

    <p class='ocr_par' dir='ltr' id='par_1_8' title="bbox 107 2308 907 2548">
     <span class='ocr_line' id='line_1_25' title="bbox 107 2308 907 2388; baseline -0.003 -18"><span class='ocrx_word' id='word_1_131' title='bbox 107 2337 121 2370; x_wconf 85' lang='lat' dir='ltr'><strong>e</strong></span> <span class='ocrx_word' id='word_1_132' title='bbox 184 2322 253 2368; x_wconf 77' lang='lat' dir='ltr'><strong>Tru.</strong></span> <span class='ocrx_word' id='word_1_133' title='bbox 277 2308 379 2369; x_wconf 91' lang='lat' dir='ltr'><strong>Vnone</strong></span> <span class='ocrx_word' id='word_1_134' title='bbox 394 2318 506 2370; x_wconf 89' lang='lat' dir='ltr'><strong>terram</strong></span> <span class='ocrx_word' id='word_1_135' title='bbox 522 2308 646 2370; x_wconf 90' lang='lat' dir='ltr'><strong>uulnere</strong></span> <span class='ocrx_word' id='word_1_136' title='bbox 661 2309 769 2374; x_wconf 82' lang='lat' dir='ltr'><strong>adflicti</strong></span> <span class='ocrx_word' id='word_1_137' title='bbox 785 2311 907 2388; x_wconf 77' lang='lat' dir='ltr'><strong>petunt?</strong></span> 
     </span>
     <span class='ocr_line' id='line_1_26' title="bbox 142 2394 835 2472; baseline 0.001 -19"><span class='ocrx_word' id='word_1_138' title='bbox 142 2408 226 2454; x_wconf 77' lang='lat' dir='ltr'><strong>MAN.</strong></span> <span class='ocrx_word' id='word_1_139' title='bbox 253 2395 378 2454; x_wconf 89' lang='lat' dir='ltr'><strong>iuuenca</strong></span> <span class='ocrx_word' id='word_1_140' title='bbox 394 2394 474 2453; x_wconf 89' lang='lat' dir='ltr'><strong>lerro</strong></span> <span class='ocrx_word' id='word_1_141' title='bbox 490 2401 583 2455; x_wconf 87' lang='lat' dir='ltr'><strong>semet</strong></span> <span class='ocrx_word' id='word_1_142' title='bbox 598 2395 725 2472; x_wconf 90' lang='lat' dir='ltr'><strong>inposito</strong></span> <span class='ocrx_word' id='word_1_143' title='bbox 742 2395 835 2455; x_wconf 89' lang='lat' dir='ltr'><strong>induit</strong></span> 
     </span>
     <span class='ocr_line' id='line_1_27' title="bbox 143 2477 778 2548; baseline 0.002 -10"><span class='ocrx_word' id='word_1_144' title='bbox 143 2488 170 2538; x_wconf 88' lang='lat' dir='ltr'><strong>et</strong></span> <span class='ocrx_word' id='word_1_145' title='bbox 186 2477 312 2538; x_wconf 91' lang='lat' dir='ltr'><strong>uulnere</strong></span> <span class='ocrx_word' id='word_1_146' title='bbox 329 2495 387 2538; x_wconf 91' lang='lat' dir='ltr'><strong>uno</strong></span> <span class='ocrx_word' id='word_1_147' title='bbox 405 2477 524 2548; x_wconf 88' lang='lat' dir='ltr'><strong>cecidit,</strong></span> <span class='ocrx_word' id='word_1_148' title='bbox 542 2486 572 2539; x_wconf 90' lang='lat' dir='ltr'><strong>at</strong></span> <span class='ocrx_word' id='word_1_149' title='bbox 586 2485 688 2538; x_wconf 90' lang='lat' dir='ltr'><strong>taurus</strong></span> <span class='ocrx_word' id='word_1_150' title='bbox 703 2479 778 2539; x_wconf 90' lang='lat' dir='ltr'><strong>duos</strong></span> 
     </span>
    </p>
   </div>
   <div class='ocr_carea' id='block_1_3' title="bbox 107 2562 897 3064">
    <p class='ocr_par' dir='ltr' id='par_1_9' title="bbox 140 2562 786 2642">
     <span class='ocr_line' id='line_1_28' title="bbox 140 2562 786 2642; baseline -0.002 -20"><span class='ocrx_word' id='word_1_151' title='bbox 140 2581 302 2642; x_wconf 87' lang='lat' dir='ltr'><strong>perpessus</strong></span> <span class='ocrx_word' id='word_1_152' title='bbox 318 2563 394 2622; x_wconf 89' lang='lat' dir='ltr'><strong>ictus</strong></span> <span class='ocrx_word' id='word_1_153' title='bbox 409 2562 467 2623; x_wconf 90' lang='lat' dir='ltr'><strong>huc</strong></span> <span class='ocrx_word' id='word_1_154' title='bbox 483 2571 513 2623; x_wconf 92' lang='lat' dir='ltr'><strong>et</strong></span> <span class='ocrx_word' id='word_1_155' title='bbox 527 2564 586 2623; x_wconf 91' lang='lat' dir='ltr'><strong>huc</strong></span> <span class='ocrx_word' id='word_1_156' title='bbox 602 2562 709 2623; x_wconf 89' lang='lat' dir='ltr'><strong>dubius</strong></span> <span class='ocrx_word' id='word_1_157' title='bbox 724 2565 786 2622; x_wconf 90' lang='lat' dir='ltr'><strong>ruit</strong></span> 
     </span>
    </p>

    <p class='ocr_par' dir='ltr' id='par_1_10' title="bbox 107 2647 886 2809">
     <span class='ocr_line' id='line_1_29' title="bbox 141 2647 877 2724; baseline 0.003 -18"><span class='ocrx_word' id='word_1_158' title='bbox 141 2649 330 2724; x_wconf 85' lang='lat' dir='ltr'><strong>animamque</strong></span> <span class='ocrx_word' id='word_1_159' title='bbox 347 2647 440 2707; x_wconf 84' lang='lat' dir='ltr'><strong>sessus</strong></span> <span class='ocrx_word' id='word_1_160' title='bbox 456 2650 504 2708; x_wconf 88' lang='lat' dir='ltr'><strong>uix</strong></span> <span class='ocrx_word' id='word_1_161' title='bbox 520 2647 714 2707; x_wconf 85' lang='lat' dir='ltr'><strong>reluctantem</strong></span> <span class='ocrx_word' id='word_1_162' title='bbox 732 2649 877 2724; x_wconf 84' lang='lat' dir='ltr'><strong>exprimit.</strong></span> 
     </span>
     <span class='ocr_line' id='line_1_30' title="bbox 107 2732 886 2809; baseline 0.004 -20"><span class='ocrx_word' id='word_1_163' title='bbox 107 2741 123 2789; x_wconf 87' lang='lat' dir='ltr'><strong>d</strong></span> <span class='ocrx_word' id='word_1_164' title='bbox 183 2745 252 2791; x_wconf 72' lang='lat' dir='ltr'><strong>rna.</strong></span> <span class='ocrx_word' id='word_1_165' title='bbox 276 2733 379 2791; x_wconf 87' lang='lat' dir='ltr'><strong>Vtrum</strong></span> <span class='ocrx_word' id='word_1_166' title='bbox 397 2735 501 2792; x_wconf 87' lang='lat' dir='ltr'><strong>citatus</strong></span> <span class='ocrx_word' id='word_1_167' title='bbox 516 2732 642 2793; x_wconf 91' lang='lat' dir='ltr'><strong>uulnere</strong></span> <span class='ocrx_word' id='word_1_168' title='bbox 658 2740 782 2809; x_wconf 86' lang='lat' dir='ltr'><strong>augusto</strong></span> <span class='ocrx_word' id='word_1_169' title='bbox 798 2735 886 2793; x_wconf 90' lang='lat' dir='ltr'><strong>micat</strong></span> 
     </span>
    </p>

    <p class='ocr_par' dir='ltr' id='par_1_11' title="bbox 140 2814 742 2894">
     <span class='ocr_line' id='line_1_31' title="bbox 140 2814 742 2894; baseline 0.003 -19"><span class='ocrx_word' id='word_1_170' title='bbox 140 2834 177 2875; x_wconf 92' lang='lat' dir='ltr'><strong>au</strong></span> <span class='ocrx_word' id='word_1_171' title='bbox 193 2814 291 2876; x_wconf 89' lang='lat' dir='ltr'><strong>lentus</strong></span> <span class='ocrx_word' id='word_1_172' title='bbox 307 2815 379 2876; x_wconf 90' lang='lat' dir='ltr'><strong>altas</strong></span> <span class='ocrx_word' id='word_1_173' title='bbox 395 2818 502 2892; x_wconf 83' lang='lat' dir='ltr'><strong>inrigat</strong></span> <span class='ocrx_word' id='word_1_174' title='bbox 517 2816 618 2894; x_wconf 85' lang='lat' dir='ltr'><strong>plagas</strong></span> <span class='ocrx_word' id='word_1_175' title='bbox 634 2819 742 2877; x_wconf 82' lang='lat' dir='ltr'><strong>eruor?</strong></span> 
     </span>
    </p>

    <p class='ocr_par' dir='ltr' id='par_1_12' title="bbox 140 2901 897 2980">
     <span class='ocr_line' id='line_1_32' title="bbox 140 2901 897 2980; baseline 0.005 -22"><span class='ocrx_word' id='word_1_176' title='bbox 140 2914 224 2960; x_wconf 78' lang='lat' dir='ltr'><strong>unu.</strong></span> <span class='ocrx_word' id='word_1_177' title='bbox 249 2901 335 2960; x_wconf 91' lang='lat' dir='ltr'><strong>huius</strong></span> <span class='ocrx_word' id='word_1_178' title='bbox 351 2909 404 2978; x_wconf 80' lang='lat' dir='ltr'><strong>&#39;per</strong></span> <span class='ocrx_word' id='word_1_179' title='bbox 421 2903 513 2978; x_wconf 89' lang='lat' dir='ltr'><strong>ipsam</strong></span> <span class='ocrx_word' id='word_1_180' title='bbox 531 2919 588 2978; x_wconf 90' lang='lat' dir='ltr'><strong>qua</strong></span> <span class='ocrx_word' id='word_1_181' title='bbox 604 2909 685 2979; x_wconf 90' lang='lat' dir='ltr'><strong>patet</strong></span> <span class='ocrx_word' id='word_1_182' title='bbox 700 2909 803 2980; x_wconf 91' lang='lat' dir='ltr'><strong>pectus</strong></span> <span class='ocrx_word' id='word_1_183' title='bbox 818 2904 897 2963; x_wconf 92' lang='lat' dir='ltr'><strong>uiam</strong></span> 
     </span>
    </p>

    <p class='ocr_par' dir='ltr' id='par_1_13' title="bbox 141 2985 728 3064">
     <span class='ocr_line' id='line_1_33' title="bbox 141 2985 728 3064; baseline 0.005 -21"><span class='ocrx_word' id='word_1_184' title='bbox 141 2985 250 3045; x_wconf 80' lang='lat' dir='ltr'><strong>effusus</strong></span> <span class='ocrx_word' id='word_1_185' title='bbox 267 2987 378 3052; x_wconf 87' lang='lat' dir='ltr'><strong>amuis,</strong></span> <span class='ocrx_word' id='word_1_186' title='bbox 395 2985 482 3046; x_wconf 90' lang='lat' dir='ltr'><strong>huius</strong></span> <span class='ocrx_word' id='word_1_187' title='bbox 499 2987 605 3062; x_wconf 84' lang='lat' dir='ltr'><strong>exiguo</strong></span> <span class='ocrx_word' id='word_1_188' title='bbox 621 3005 728 3064; x_wconf 86' lang='lat' dir='ltr'><strong>graues</strong></span> 
     </span>
    </p>
   </div>
   <div class='ocr_carea' id='block_1_4' title="bbox 269 3149 394 3184">
    <p class='ocr_par' dir='ltr' id='par_1_14' title="bbox 269 3149 394 3184">
     <span class='ocr_line' id='line_1_34' title="bbox 269 3149 394 3184; baseline 0 0"><span class='ocrx_word' id='word_1_189' title='bbox 269 3149 341 3152; x_wconf 40' lang='lat' dir='ltr'><strong>--OE</strong></span> <span class='ocrx_word' id='word_1_190' title='bbox 389 3157 394 3184; x_wconf 82' lang='lat' dir='ltr'><strong>l</strong></span> 
     </span>
    </p>
   </div>
   <div class='ocr_carea' id='block_1_5' title="bbox 206 3236 1055 3305">
    <p class='ocr_par' dir='ltr' id='par_1_15' title="bbox 206 3236 1055 3305">
     <span class='ocr_line' id='line_1_35' title="bbox 206 3236 1055 3305; baseline 0.002 -17"><span class='ocrx_word' id='word_1_191' title='bbox 206 3241 257 3288; x_wconf 75' lang='lat'><strong>324</strong></span> <span class='ocrx_word' id='word_1_192' title='bbox 275 3237 375 3288; x_wconf 85' lang='lat' dir='ltr'><strong>ultima</strong></span> <span class='ocrx_word' id='word_1_193' title='bbox 389 3239 412 3287; x_wconf 84' lang='grc' dir='ltr'><em>Ε</em></span> <span class='ocrx_word' id='word_1_194' title='bbox 430 3239 557 3288; x_wconf 90' lang='lat' dir='ltr'><strong>ultimum</strong></span> <span class='ocrx_word' id='word_1_195' title='bbox 571 3240 593 3288; x_wconf 86' lang='grc' dir='ltr'><em>Α</em></span> <span class='ocrx_word' id='word_1_196' title='bbox 607 3236 618 3305; x_wconf 75' lang='grc' dir='ltr'>Η</span> <span class='ocrx_word' id='word_1_197' title='bbox 631 3243 678 3290; x_wconf 85' lang='grc'><strong>331</strong></span> <span class='ocrx_word' id='word_1_198' title='bbox 699 3241 784 3290; x_wconf 82' lang='lat' dir='ltr'><strong>densa</strong></span> <span class='ocrx_word' id='word_1_199' title='bbox 797 3259 818 3291; x_wconf 87' lang='grc' dir='ltr'><strong>ω</strong></span> <span class='ocrx_word' id='word_1_200' title='bbox 837 3246 923 3289; x_wconf 83' lang='lat' dir='ltr'><strong>tensa</strong></span> <span class='ocrx_word' id='word_1_201' title='bbox 942 3241 970 3291; x_wconf 76' lang='grc' dir='ltr'><strong>Ο.</strong></span> <span class='ocrx_word' id='word_1_202' title='bbox 985 3241 1055 3290; x_wconf 84' lang='lat' dir='ltr'><strong>Bar·</strong></span> 
     </span>
    </p>
   </div>
   <div class='ocr_carea' id='block_1_6' title="bbox 138 3303 1055 3372">
    <p class='ocr_par' dir='ltr' id='par_1_16' title="bbox 138 3303 1055 3372">
     <span class='ocr_line' id='line_1_36' title="bbox 138 3303 1055 3372; baseline 0.004 -18"><span class='ocrx_word' id='word_1_203' title='bbox 138 3307 210 3355; x_wconf 73' lang='lat' dir='ltr'><strong>titus,</strong></span> <span class='ocrx_word' id='word_1_204' title='bbox 230 3321 330 3355; x_wconf 80' lang='lat' dir='ltr'><strong>uersum</strong></span> <span class='ocrx_word' id='word_1_205' title='bbox 348 3308 431 3356; x_wconf 78' lang='lat' dir='ltr'><strong>delent</strong></span> <span class='ocrx_word' id='word_1_206' title='bbox 446 3303 457 3371; x_wconf 83' lang='grc' dir='ltr'><strong>ΙΙ</strong></span> <span class='ocrx_word' id='word_1_207' title='bbox 474 3310 523 3356; x_wconf 90' lang='grc'><strong>333</strong></span> <span class='ocrx_word' id='word_1_208' title='bbox 542 3322 631 3370; x_wconf 83' lang='lat' dir='ltr'><strong>uagus</strong></span> <span class='ocrx_word' id='word_1_209' title='bbox 650 3308 674 3354; x_wconf 83' lang='lat' dir='ltr'><em>E</em></span> <span class='ocrx_word' id='word_1_210' title='bbox 693 3322 780 3372; x_wconf 81' lang='lat' dir='ltr'><strong>uagos</strong></span> <span class='ocrx_word' id='word_1_211' title='bbox 799 3309 823 3357; x_wconf 88' lang='lat' dir='ltr'><em>A</em></span> <span class='ocrx_word' id='word_1_212' title='bbox 843 3305 854 3371; x_wconf 78' lang='lat' dir='ltr'><strong>{l</strong></span> <span class='ocrx_word' id='word_1_213' title='bbox 871 3311 919 3358; x_wconf 77' lang='grc'><strong>337</strong></span> <span class='ocrx_word' id='word_1_214' title='bbox 937 3307 994 3358; x_wconf 86' lang='lat' dir='ltr'><strong>iras</strong></span> <span class='ocrx_word' id='word_1_215' title='bbox 1013 3309 1055 3358; x_wconf 76' lang='lat' dir='ltr'><strong>eil</strong></span> 
     </span>
    </p>
   </div>
   <div class='ocr_carea' id='block_1_7' title="bbox 136 3369 1055 3576">
    <p class='ocr_par' dir='ltr' id='par_1_17' title="bbox 136 3369 1055 3576">
     <span class='ocr_line' id='line_1_37' title="bbox 138 3369 1055 3441; baseline 0.003 -20"><span class='ocrx_word' id='word_1_216' title='bbox 138 3389 203 3424; x_wconf 83' lang='lat' dir='ltr'><strong>aras</strong></span> <span class='ocrx_word' id='word_1_217' title='bbox 222 3374 247 3422; x_wconf 89' lang='lat' dir='ltr'><em>A</em></span> <span class='ocrx_word' id='word_1_218' title='bbox 271 3369 283 3437; x_wconf 76' lang='grc' dir='ltr'><strong>ΙΙ</strong></span> <span class='ocrx_word' id='word_1_219' title='bbox 307 3373 357 3423; x_wconf 84' lang='grc'><strong>338</strong></span> <span class='ocrx_word' id='word_1_220' title='bbox 375 3389 460 3438; x_wconf 84' lang='lat' dir='ltr'><strong>prope</strong></span> <span class='ocrx_word' id='word_1_221' title='bbox 479 3375 518 3422; x_wconf 76' lang='lat' dir='ltr'><strong>on</strong></span> <span class='ocrx_word' id='word_1_222' title='bbox 532 3375 553 3424; x_wconf 80' lang='lat' dir='ltr'><strong>d</strong></span> <span class='ocrx_word' id='word_1_223' title='bbox 569 3377 595 3424; x_wconf 91' lang='lat' dir='ltr'><em>V</em></span> <span class='ocrx_word' id='word_1_224' title='bbox 598 3373 608 3404; x_wconf 78' lang='lat'><strong>²</strong></span> <span class='ocrx_word' id='word_1_225' title='bbox 632 3372 643 3441; x_wconf 74' lang='lat' dir='ltr'><strong>ll</strong></span> <span class='ocrx_word' id='word_1_226' title='bbox 666 3377 716 3424; x_wconf 87' lang='grc'><strong>343</strong></span> <span class='ocrx_word' id='word_1_227' title='bbox 734 3376 838 3424; x_wconf 88' lang='lat' dir='ltr'><strong>uultum</strong></span> <span class='ocrx_word' id='word_1_228' title='bbox 857 3375 923 3424; x_wconf 85' lang='lat' dir='ltr'><strong>solis</strong></span> <span class='ocrx_word' id='word_1_229' title='bbox 943 3380 971 3426; x_wconf 88' lang='lat' dir='ltr'><strong>et</strong></span> <span class='ocrx_word' id='word_1_230' title='bbox 989 3377 1055 3424; x_wconf 70' lang='lat' dir='ltr'><strong>Ena</strong></span> 
     </span>
     <span class='ocr_line' id='line_1_38' title="bbox 137 3439 1054 3509; baseline 0.004 -19"><span class='ocrx_word' id='word_1_231' title='bbox 137 3441 243 3490; x_wconf 90' lang='lat' dir='ltr'><strong>uultum</strong></span> <span class='ocrx_word' id='word_1_232' title='bbox 263 3439 391 3504; x_wconf 85' lang='lat' dir='ltr'><strong>obliquat</strong></span> <span class='ocrx_word' id='word_1_233' title='bbox 410 3447 438 3490; x_wconf 86' lang='lat' dir='ltr'><strong>et</strong></span> <span class='ocrx_word' id='word_1_234' title='bbox 458 3443 481 3490; x_wconf 79' lang='grc' dir='ltr'><strong>Α,</strong></span> <span class='ocrx_word' id='word_1_235' title='bbox 506 3439 518 3502; x_wconf 79' lang='lat' dir='ltr'><strong>ll</strong></span> <span class='ocrx_word' id='word_1_236' title='bbox 541 3443 590 3492; x_wconf 83' lang='lat'><strong>345</strong></span> <span class='ocrx_word' id='word_1_237' title='bbox 608 3443 736 3506; x_wconf 78' lang='lat' dir='ltr'><strong>imposito</strong></span> <span class='ocrx_word' id='word_1_238' title='bbox 755 3443 780 3491; x_wconf 87' lang='lat' dir='ltr'><em>E</em></span> <span class='ocrx_word' id='word_1_239' title='bbox 790 3443 830 3492; x_wconf 71' lang='lat' dir='ltr'><strong>nd</strong></span> <span class='ocrx_word' id='word_1_240' title='bbox 843 3445 951 3507; x_wconf 76' lang='lat' dir='ltr'><strong>Vossqr</strong></span> <span class='ocrx_word' id='word_1_241' title='bbox 970 3460 1054 3509; x_wconf 87' lang='lat' dir='ltr'><strong>oppo-</strong></span> 
     </span>
     <span class='ocr_line' id='line_1_39' title="bbox 136 3505 856 3576; baseline 0.001 -18"><span class='ocrx_word' id='word_1_242' title='bbox 136 3509 189 3559; x_wconf 85' lang='lat' dir='ltr'><strong>sito</strong></span> <span class='ocrx_word' id='word_1_243' title='bbox 210 3509 235 3557; x_wconf 87' lang='lat' dir='ltr'><em>A</em></span> <span class='ocrx_word' id='word_1_244' title='bbox 257 3509 383 3572; x_wconf 85' lang='lat' dir='ltr'><strong>opposita</strong></span> <span class='ocrx_word' id='word_1_245' title='bbox 404 3505 448 3576; x_wconf 73' lang='lat' dir='ltr'><strong>llll</strong></span> <span class='ocrx_word' id='word_1_246' title='bbox 461 3510 508 3559; x_wconf 81' lang='lat'><strong>351</strong></span> <span class='ocrx_word' id='word_1_247' title='bbox 528 3509 608 3572; x_wconf 70' lang='lat' dir='ltr'><strong>hunius</strong></span> <span class='ocrx_word' id='word_1_248' title='bbox 627 3510 680 3572; x_wconf 83' lang='grc' dir='ltr'><strong>Εψ</strong></span> <span class='ocrx_word' id='word_1_249' title='bbox 699 3511 777 3559; x_wconf 86' lang='lat' dir='ltr'><strong>uiuus</strong></span> <span class='ocrx_word' id='word_1_250' title='bbox 796 3511 821 3559; x_wconf 84' lang='lat' dir='ltr'><em>A</em></span> <span class='ocrx_word' id='word_1_251' title='bbox 845 3507 856 3576; x_wconf 82' lang='lat' dir='ltr'><strong>ll</strong></span> 
     </span>
    </p>
   </div>
   <div class='ocr_carea' id='block_1_8' title="bbox 787 3591 849 3655">
    <p class='ocr_par' dir='ltr' id='par_1_18' title="bbox 787 3591 849 3655">
     <span class='ocr_line' id='line_1_40' title="bbox 787 3591 849 3655; baseline 0.032 -2"><span class='ocrx_word' id='word_1_252' title='bbox 787 3591 849 3655; x_wconf 78' lang='lat'><strong>13*</strong></span> 
     </span>
    </p>
   </div>
   <div class='ocr_carea' id='block_1_9' title="bbox 0 0 1256 3978">
    <p class='ocr_par' dir='ltr' id='par_1_19' title="bbox 0 0 1256 3978">
     <span class='ocr_line' id='line_1_41' title="bbox 0 0 1256 3978; baseline 0 8"><span class='ocrx_word' id='word_1_253' title='bbox 0 0 1256 3978; x_wconf 95' lang='lat' dir='ltr'><strong> </strong></span> 
     </span>
    </p>
   </div>
  </div>
 </body>
</html>
