2526 3986
390 205 807 255 rnonmssnnvnrrnacn.
1015 165 1095 254 121'

156 353 282 424 rogante
296 354 387 424 ponat
403 353 504 414 matre,
522 348 571 424 qui
588 364 647 406 non
664 355 709 406 est
724 348 788 423 pius

157 431 308 510 incipiata
325 448 382 490 me.
413 430 546 491 ieruidos
561 431 684 491 iuuenes
699 447 773 490 anus

156 514 275 581 tenebo.
306 515 418 575 nullum
435 522 510 576 teste
525 533 573 575 me
588 515 640 574 liet
655 515 737 576 neias

157 608 209 670 aut
224 603 249 660 si
264 598 382 678 aliquod
399 609 427 660 et
442 618 490 659 me
505 607 582 660 teste
597 601 740 660 committi
756 607 853 679 potest

158 701 219 745 non
234 685 285 744 fiet
300 702 401 745 unum.

120 768 143 827 θ’
199 781 279 830 Anu.
322 817 334 838 .
434 769 523 846 Signa
539 767 663 829 conlatis
677 769 788 829 micant

157 855 255 914 uicina
271 854 372 931 signis,
397 851 508 913 clamor
522 852 637 912 hostilis
653 853 761 914 fremit.

158 937 255 998 scelus
271 939 302 997 in
317 937 486 1016 propinquo
503 944 561 998 est:
578 955 694 1016 occupa·
707 944 801 998 mater
816 955 930 1016 preces.

158 1027 188 1083 et
204 1040 273 1083 acce
288 1029 384 1082 motos
398 1021 516 1082 fletibus
531 1021 635 1082 credas
650 1024 733 1090 meis,

157 1109 201 1168 sic
216 1123 323 1183 agmen
338 1101 428 1166 armis
444 1123 535 1184 segne
551 1109 712 1184 conpositis
727 1107 818 1167 uenit.

157 1191 293 1270 procedit
308 1193 386 1252 acies
402 1191 495 1259 tarda,
512 1191 564 1250 sed
580 1197 743 1270 properant
758 1191 858 1252 duces

117 1272 145 1333 f'
201 1287 270 1336 100.
295 1274 366 1345 Quis
382 1293 430 1335 me
445 1274 592 1353 procellae
607 1275 727 1336 turbine
743 1277 846 1337 insano
861 1274 975 1338 uehens

157 1359 281 1421 uolucer
296 1377 350 1438 per
366 1377 453 1420 auras
470 1365 575 1420 uentus
591 1359 737 1420 aetherias
752 1361 836 1438 aget?

158 1461 234 1523 quae
250 1444 362 1522 Sphinx
379 1442 429 1505 uel
443 1453 508 1504 atra
523 1443 602 1504 nube
617 1443 776 1505 subtexens
791 1444 868 1505 diem

158 1528 337 1608 Stymphalis
355 1528 452 1589 auidis
467 1537 638 1608 praepetem
655 1530 761 1608 pennis
776 1528 870 1590 ieret?

159 1621 211 1674 aut
226 1632 301 1692 quae
315 1631 370 1691 per
386 1613 458 1676 altas
473 1615 549 1674 aeris
565 1615 660 1690 rapiet
675 1615 739 1674 uias

159 1696 289 1777 Harpyia
305 1699 385 1758 saeui
400 1699 479 1775 regis
495 1697 660 1758 obseruaus
675 1698 782 1758 samem

162 1791 191 1843 et
206 1783 284 1843 inter
300 1784 377 1842 acies
391 1783 516 1860 proiciet
530 1789 645 1859 raptam
662 1782 752 1842 duas‘l

114 1862 149 1924 e''
205 1879 279 1926 sar.
303 1866 388 1928 Vadit
403 1867 513 1928 furenti
528 1865 630 1927 similis
645 1875 694 1926 aut
710 1867 797 1927 etiam
812 1866 891 1927 lurit.

158 1953 264 2030 sagitta
281 1951 376 2029 qualis
392 1952 525 2028 parthica
541 1950 629 2012 uelox
644 1969 734 2012 manu

158 2053 281 2096 excussa
299 2036 402 2106 fertur,
420 2035 515 2114 qualis
529 2037 632 2096 insano
648 2038 719 2096 ratis
798 2085 804 2092 .

157 2128 313 2200 premente
328 2128 419 2180 uento
435 2122 549 2197 rapitur
564 2128 614 2181 aut
630 2119 721 2199 qualis
738 2121 815 2181 cadit

157 2203 277 2282 delapsa
295 2203 377 2265 caelo
393 2204 484 2275 stella,
502 2223 568 2266 cum
585 2207 734 2282 stringens
748 2205 849 2285 polum

157 2297 271 2350 rectam
289 2290 382 2350 citatis
397 2289 516 2366 ignibus
532 2291 643 2367 rumpit
658 2291 752 2349 uiam:
896 2319 918 2364 p,
933 2319 1061 2362 xxxxv„

115 2369 145 2428 f‘
201 2373 332 2434 Attonita
349 2391 438 2434 cursu
453 2373 527 2451 sugit
543 2385 572 2435 et
586 2372 670 2434 binas
685 2376 781 2434 statim

157 2458 274 2519 diduxit
289 2460 378 2518 acies.
407 2460 484 2519 uicta
494 2466 632 2520 materna
648 2476 738 2536 prece

97 2612 102 2617 ,
156 2543 283 2604 haesere
298 2541 375 2602 bella
391 2545 509 2620 iamque
525 2545 555 2603 in
571 2541 713 2604 alternam
729 2560 833 2603 necem

155 2625 237 2687 illinc
253 2634 283 2688 et
297 2627 366 2687 hinc
382 2629 507 2688 miscere
523 2629 675 2706 cupientes
690 2644 796 2687 manus

156 2711 266 2773 librata
283 2710 386 2772 dextra
403 2711 457 2773 tela
474 2729 616 2791 suspensa
632 2719 743 2773 tenent.

156 2797 225 2875 paci
240 2796 367 2871 iuuetur,
385 2798 516 2857 omnium
533 2796 646 2856 serrum
662 2797 737 2857 iacet

154 2967 359 2975 Ἠ

225 3083 257 3135 51
277 3085 301 3134 si
320 3083 391 3149 quod
409 3083 434 3134 A
454 3084 478 3134 si
496 3083 602 3148 aliquot
619 3083 645 3132 Ε
667 3079 679 3149 ll
708 3083 740 3133 62
758 3083 840 3134 ANT.
856 3100 874 3134 oc
891 3084 977 3134 om.E
994 3086 1075 3135 uerbo

156 3151 255 3217 ‘signa
274 3148 328 3216 (62)
347 3179 381 3187 -
399 3167 447 3216 pro
470 3167 484 3200 e
508 3155 565 3202 est’
584 3147 640 3214 (54)
667 3153 753 3201 nuntio
777 3153 823 3202 dot
845 3151 973 3202 Swoboda
1001 3148 1012 3217 ΙΙ
1041 3155 1073 3203 57

154 3223 243 3270 nuntio
261 3219 350 3270 tribuit
367 3219 417 3270 Bo.
446 3167 466 3284 ll
487 3221 519 3270 58
542 3217 613 3268 100.
632 3235 680 3271 om.
696 3219 722 3266 E
750 3215 763 3286 Ι]
790 3220 925 3284 libatque
944 3219 1029 3269 etiam
1047 3219 1072 3268 Α

155 3287 311 3338 autetiam
330 3294 367 3352 εψ
391 3284 403 3354 [l
426 3288 459 3337 69
477 3286 592 3352 delapso
610 3286 635 3334 E
658 3282 670 3350 ll
694 3288 725 3335 72
744 3285 857 3335 deduxit
873 3293 896 3351 ψ
920 3282 932 3352 ΙΙ
955 3288 987 3338 73
1004 3288 1072 3336 iam-

155 3371 208 3420 que
227 3371 299 3407 oorr.
317 3372 348 3406 m.
371 3358 387 3406 3
406 3370 441 3405 ooo
459 3356 603 3419 omniaque
633 3350 645 3420 ll
674 3355 707 3404 76
724 3354 838 3404 uibrata
855 3353 914 3403 telo
931 3356 1074 3405 continent

153 3422 253 3474 dextra
271 3438 323 3474 suo
342 3424 366 3472 Α
396 3423 509 3474 uibrata
532 3422 630 3472 dextra
652 3422 848 3486 telasuspenso
865 3426 963 3472 tenent
980 3423 1005 3472 E
1029 3422 1071 3472 li-

152 3491 236 3542 brata
255 3491 332 3542 NHs.
360 3487 374 3557 ll
402 3494 434 3542 76
451 3490 564 3542 latetA
587 3488 662 3540 iacet
680 3489 705 3537 Ε
734 3485 746 3554 Η

1130 361 1180 409 410

1093 528 1128 576 50

1094 1050 1126 1098 bb

1126 1288 1180 1336 420

1093 1455 1127 1504 60

1125 1710 1178 1758 425

1093 1879 1126 1928 65

1123 2134 1179 2184 430

1093 2273 1192 2350 το’

1123 2560 1178 2609 430

1092 2728 1124 2776 'lb
