2490 3984
182 171 247 238 336
570 184 714 234 menam

185 345 313 407 posuere
328 335 440 387 tonsas.
471 324 582 386 eredita
598 332 643 385 est
658 331 746 384 uento
763 330 841 386 rates

185 411 328 490 fususque
344 411 480 471 transtris
497 407 579 470 miles
594 417 645 470 eut
660 416 756 470 terras
771 407 891 487 procul,

186 503 327 576 quantum
344 495 489 556 recedunt
501 493 585 564 uela,
603 494 749 572 fugientes
763 500 846 554 notat

185 587 236 642 aut
250 578 329 640 bella
344 587 448 642 narrat
463 580 599 641 Hectoris
615 579 699 639 iortis
715 579 810 640 minas

185 683 351 744 currusque
369 672 397 725 et
412 671 511 742 empto
526 663 675 724 redditum
691 680 800 741 eorpus
815 678 889 740 rego

185 767 322 830 sparsum
338 767 447 811 eruere
462 749 542 825 regis
556 749 699 808 hereeum
714 747 825 810 leuem.

229 835 303 895 Tum
320 837 372 911 qui
387 835 502 895 iacente
518 833 690 910 reciprocus
706 831 780 893 ludit
795 831 856 892 sala

185 919 391 996 tumidumque
407 918 504 996 pando
520 917 647 978 transilit
657 917 752 985 *dorso
768 935 850 978 mere

188 1003 346 1084 tyrrhenus
362 1004 443 1063 omni
458 1003 549 1082 piscis
564 1000 675 1062 exultat
690 1003 766 1062 freto

187 1089 334 1167 agitatque
350 1105 439 1167 gyros
456 1093 485 1148 et
501 1103 600 1147 eomes
615 1085 701 1148 lateri
717 1086 837 1147 adnatat

146 1178 151 1196 ¹
185 1175 298 1235 anteire
315 1190 407 1232 naues
422 1170 515 1233 laetus
531 1177 559 1231 et
575 1171 787 1254 rursususequi.

185 1274 265 1318 nune
280 1257 376 1335 prima
393 1265 518 1332 tangens
532 1261 630 1316 rostra
645 1254 759 1316 lasciuit
776 1257 899 1327 chorus

187 1341 370 1402 millesimam
389 1358 468 1401 nune
483 1339 574 1400 ambit
590 1347 618 1400 et
632 1339 738 1400 lustrat
752 1347 857 1402 ratem.

229 1426 289 1487 lam
305 1424 373 1486 litus
389 1442 477 1485 omne
492 1425 602 1503 tegitur
619 1431 648 1484 et
663 1425 758 1501 campi
773 1423 865 1486 latent

187 1517 217 1572 et
232 1510 321 1571 dubia
337 1515 443 1589 parent
458 1509 566 1570 montis
580 1509 657 1569 idaei
673 1505 748 1586 iuga.

188 1603 218 1657 et
232 1595 262 1655 id
279 1595 355 1674 quod
373 1612 463 1654 unum
480 1595 622 1672 peruicax
637 1595 715 1655 aeies
732 1594 825 1664 uidet,

87 1695 90 1700 ’
187 1681 289 1741 iliacus
304 1685 367 1739 atra
383 1679 481 1739 sumus
496 1686 619 1758 apparet
634 1686 713 1738 nota.

187 1766 246 1826 iam
261 1762 337 1825 lassa
352 1762 438 1824 'iiten
455 1761 529 1824 coila
544 1762 697 1825 reienabat
712 1763 796 1840 iugo,

188 1850 218 1910 in
235 1856 311 1909 astra
328 1849 386 1908 iam
401 1847 451 1907 iun
467 1864 577 1926 prona,
593 1849 651 1908 iam
668 1866 811 1926 praeceps
827 1848 903 1909 dies:

231 1933 343 2010 Exigue
360 1931 454 1993 nubes
469 1931 589 1992 sordido
605 1949 744 1993 crescens
759 1931 848 2009 globo

189 2017 312 2078 nitidum
329 2016 460 2077 cadentis
475 2017 608 2095 inquinat
623 2016 736 2077 Phoebi
750 2016 844 2079 iubar.

189 2109 324 2180 suspecta
341 2101 441 2161 uarius
457 2100 595 2162 occidens
610 2101 681 2161 feeit
696 2102 780 2162 freta.

189 2204 248 2247 nox
263 2187 357 2263 prima
377 2183 490 2246 eaelum
506 2193 656 2264 sparserat
671 2184 777 2258 stellis,
793 2189 889 2247 iacent

190 2271 307 2331 deserta
322 2277 412 2330 uento
429 2268 505 2332 uela.
538 2278 598 2331 tum
614 2289 750 2332 murmur
766 2289 857 2350 graue

190 2356 302 2416 maiora
318 2355 456 2416 minitans
472 2353 597 2416 collibus
612 2358 735 2417 summis
752 2356 830 2416 eadit

189 2447 345 2519 tractuque
360 2437 450 2517 lengo
465 2439 533 2500 litus
548 2445 582 2500 a'e
597 2448 700 2519 petrae
715 2449 847 2519 gemunt.

210 2544 212 2548 ·
231 2525 346 2602 ¹Agitata
361 2526 457 2584 uentis
473 2525 551 2586 unda
567 2528 703 2586 uenturis
718 2532 821 2586 tumet.

191 2625 259 2668 eum
275 2606 372 2670 subito
388 2606 457 2668 luna
475 2609 626 2678 conditur,
644 2608 745 2670 stellae
761 2607 866 2678 latent,

190 2695 219 2754 in
236 2699 314 2753 astra
329 2699 437 2770 pontus
453 2691 576 2764 tollitur,
595 2693 708 2754 eaelum
726 2695 812 2772 perit.

191 2795 246 2838 nee
261 2795 320 2838 una
336 2795 393 2837 nox
411 2784 469 2838 est:
494 2778 585 2840 densa
600 2779 733 2840 tenebris
750 2778 849 2839 obruit

258 2999 309 3049 464
326 3001 402 3048 retes
419 2996 445 3046 E
463 2998 532 3047 ratis
550 2999 575 3048 A
587 2994 599 3064 Η
610 2999 661 3048 465
680 2998 760 3048 miles
778 2998 803 3048 E
815 2999 927 3062 Reyiom.
946 2998 1044 3048 nauita
1057 2996 1081 3045 A
1100 2993 1109 3058 ti

190 3068 241 3118 469
259 3065 407 3116 hereaeum
428 3064 450 3113 Ε
468 3065 606 3116 Herceum
626 3082 644 3116 α
661 3065 820 3116 herculeum
837 3074 861 3130 ψ
885 3063 896 3132 tl
918 3067 969 3117 470
987 3066 1065 3114 Tune
1083 3064 1109 3113 Ε

190 3136 260 3185 Tum
279 3133 303 3182 A
321 3129 398 3198 {1472
417 3135 490 3182 omni
507 3132 556 3197 Εψ
576 3134 663 3183 omnia
681 3135 705 3184 A
723 3130 801 3200 ii4'13
818 3134 969 3198 Agitatque
987 3133 1012 3182 Ε
1030 3131 1109 3198 Agit·

192 3218 245 3266 que
265 3202 290 3251 A
301 3197 313 3267 ss
325 3202 375 3252 4ἵῖ
394 3197 473 3250 omne
491 3200 516 3249 Ε
534 3216 603 3251 corr.
616 3201 653 3250 Εὅ
665 3198 738 3267 {14⁷8
756 3206 856 3266 parent
873 3202 925 3252 EA
945 3205 1042 3266 patent
1059 3208 1082 3264 ψ
1101 3199 1109 3262 t}

190 3273 242 3321 479
259 3270 296 3320 Et
313 3269 341 3318 id
358 3268 383 3317 E
413 3268 450 3317 nt
468 3269 524 3318 iam
543 3269 568 3317 A
598 3265 610 3334 ΙΙ
638 3270 687 3319 491
706 3270 797 3320 subito
816 3270 883 3320 luna
901 3269 950 3334 Εψ
981 3269 1047 3319 iuna
1065 3282 1111 3318 su·

191 3337 249 3387 bito
261 3336 328 3386 AM}
340 3331 351 3402 Η
368 3335 458 3386 latent
471 3336 536 3385 EM>
555 3337 658 3386 endunt
669 3337 694 3386 A
707 3333 718 3404 ΙΙ
735 3339 785 3388 493
798 3338 855 3388 Nee
870 3353 924 3388 una
936 3351 990 3387 nox
1003 3341 1045 3386 est
1057 3334 1109 3384 EA

190 3405 250 3454 Nee
274 3408 317 3454 est
340 3417 394 3454 nox
417 3418 473 3455 una
495 3407 536 3454 uel
564 3404 622 3454 Nee
641 3410 684 3455 eat
702 3420 757 3455 una
775 3413 870 3471 norm
898 3401 910 3472 Η
938 3405 1069 3455 tenebras
1089 3418 1111 3452 ω

193 3470 324 3522 tenebris
341 3472 436 3536 scripsi
453 3472 645 3524 tenebrarum
664 3473 740 3526 nne.
763 3468 776 3539 Η
