<?xml version="1.0" encoding="UTF-8"?>
<!DOCTYPE html PUBLIC "-//W3C//DTD XHTML 1.0 Transitional//EN"
    "http://www.w3.org/TR/xhtml1/DTD/xhtml1-transitional.dtd">
<html xmlns="http://www.w3.org/1999/xhtml" xml:lang="en" lang="en">
 <head>
  <title>
</title>
<meta http-equiv="Content-Type" content="text/html;charset=utf-8" />
  <meta name='ocr-system' content='tesseract 3.04.00' />
  <meta name='ocr-capabilities' content='ocr_page ocr_carea ocr_par ocr_line ocrx_word'/>
</head>
<body>
  <div class='ocr_page' id='page_1' title='image "./lannaeisenecaet06senegoog_0193.png"; bbox 0 0 2502 3978; ppageno 0'>
   <div class='ocr_carea' id='block_1_1' title="bbox 179 154 815 241">
    <p class='ocr_par' dir='ltr' id='par_1_1' title="bbox 179 154 815 241">
     <span class='ocr_line' id='line_1_1' title="bbox 179 154 815 241; baseline -0.013 0"><span class='ocrx_word' id='word_1_1' title='bbox 179 177 242 241; x_wconf 83' lang='lat'><strong>140</strong></span> <span class='ocrx_word' id='word_1_2' title='bbox 458 154 491 238; x_wconf 66' lang='grc' dir='ltr'><strong>ι’.</strong></span> <span class='ocrx_word' id='word_1_3' title='bbox 509 189 641 235; x_wconf 74' lang='lat' dir='ltr'><strong>unuani</strong></span> <span class='ocrx_word' id='word_1_4' title='bbox 657 187 815 236; x_wconf 78' lang='lat' dir='ltr'><strong>sunnone</strong></span> 
     </span>
    </p>
   </div>
   <div class='ocr_carea' id='block_1_2' title="bbox 123 327 1176 2608">
    <p class='ocr_par' dir='ltr' id='par_1_2' title="bbox 177 327 827 580">
     <span class='ocr_line' id='line_1_2' title="bbox 178 327 787 409; baseline -0.005 -17"><span class='ocrx_word' id='word_1_5' title='bbox 178 340 208 392; x_wconf 93' lang='lat' dir='ltr'><strong>et</strong></span> <span class='ocrx_word' id='word_1_6' title='bbox 219 333 300 398; x_wconf 88' lang='lat' dir='ltr'><strong>uicta</strong></span> <span class='ocrx_word' id='word_1_7' title='bbox 316 347 411 406; x_wconf 88' lang='lat' dir='ltr'><strong>prono</strong></span> <span class='ocrx_word' id='word_1_8' title='bbox 427 330 535 409; x_wconf 85' lang='lat' dir='ltr'>puppis</span> <span class='ocrx_word' id='word_1_9' title='bbox 551 328 685 389; x_wconf 79' lang='lat' dir='ltr'><strong>aufertur</strong></span> <span class='ocrx_word' id='word_1_10' title='bbox 702 327 787 389; x_wconf 86' lang='lat' dir='ltr'><strong>uado.</strong></span> 
     </span>
     <span class='ocr_line' id='line_1_3' title="bbox 178 412 827 494; baseline -0.009 -18"><span class='ocrx_word' id='word_1_11' title='bbox 178 416 247 494; x_wconf 86' lang='lat' dir='ltr'><strong>quid</strong></span> <span class='ocrx_word' id='word_1_12' title='bbox 263 417 338 475; x_wconf 86' lang='lat' dir='ltr'><strong>ratio</strong></span> <span class='ocrx_word' id='word_1_13' title='bbox 355 415 467 493; x_wconf 73' lang='lat' dir='ltr'><strong>possit?</strong></span> <span class='ocrx_word' id='word_1_14' title='bbox 490 415 561 474; x_wconf 91' lang='lat' dir='ltr'><strong>uicit</strong></span> <span class='ocrx_word' id='word_1_15' title='bbox 576 431 610 474; x_wconf 92' lang='lat' dir='ltr'><strong>ac</strong></span> <span class='ocrx_word' id='word_1_16' title='bbox 625 418 729 489; x_wconf 77' lang='lat' dir='ltr'><strong>regnat</strong></span> <span class='ocrx_word' id='word_1_17' title='bbox 744 412 827 471; x_wconf 90' lang='lat' dir='ltr'><strong>iuror</strong></span> 
     </span>
     <span class='ocr_line' id='line_1_4' title="bbox 177 496 812 580; baseline -0.009 -19"><span class='ocrx_word' id='word_1_18' title='bbox 177 509 342 580; x_wconf 89' lang='lat' dir='ltr'><strong>potensque</strong></span> <span class='ocrx_word' id='word_1_19' title='bbox 358 505 417 559; x_wconf 88' lang='lat' dir='ltr'><strong>tota</strong></span> <span class='ocrx_word' id='word_1_20' title='bbox 434 506 532 559; x_wconf 88' lang='lat' dir='ltr'><strong>mente</strong></span> <span class='ocrx_word' id='word_1_21' title='bbox 547 498 715 558; x_wconf 77' lang='lat' dir='ltr'><strong>dominatur</strong></span> <span class='ocrx_word' id='word_1_22' title='bbox 731 496 812 556; x_wconf 90' lang='lat' dir='ltr'><strong>deus.</strong></span> 
     </span>
    </p>

    <p class='ocr_par' dir='ltr' id='par_1_3' title="bbox 157 579 909 1004">
     <span class='ocr_line' id='line_1_5' title="bbox 157 579 909 659; baseline -0.011 -13"><span class='ocrx_word' id='word_1_23' title='bbox 157 585 164 604; x_wconf 90' lang='lat'><em>&#39;</em></span> <span class='ocrx_word' id='word_1_24' title='bbox 220 579 275 646; x_wconf 89' lang='lat' dir='ltr'><strong>llic</strong></span> <span class='ocrx_word' id='word_1_25' title='bbox 290 583 413 645; x_wconf 89' lang='lat' dir='ltr'><strong>uolucer</strong></span> <span class='ocrx_word' id='word_1_26' title='bbox 429 585 509 643; x_wconf 92' lang='lat' dir='ltr'><strong>omni</strong></span> <span class='ocrx_word' id='word_1_27' title='bbox 523 580 615 659; x_wconf 90' lang='lat' dir='ltr'><strong>pollet</strong></span> <span class='ocrx_word' id='word_1_28' title='bbox 631 583 658 641; x_wconf 92' lang='lat' dir='ltr'><strong>in</strong></span> <span class='ocrx_word' id='word_1_29' title='bbox 675 587 754 640; x_wconf 90' lang='lat' dir='ltr'><strong>terra</strong></span> <span class='ocrx_word' id='word_1_30' title='bbox 770 584 909 658; x_wconf 76' lang='lat' dir='ltr'><strong>inpotens</strong></span> 
     </span>
     <span class='ocr_line' id='line_1_6' title="bbox 177 665 890 748; baseline -0.008 -19"><span class='ocrx_word' id='word_1_31' title='bbox 177 668 350 748; x_wconf 82' lang='lat' dir='ltr'><strong>laesumque</strong></span> <span class='ocrx_word' id='word_1_32' title='bbox 365 667 491 728; x_wconf 90' lang='lat' dir='ltr'><strong>flammis</strong></span> <span class='ocrx_word' id='word_1_33' title='bbox 508 675 602 726; x_wconf 84' lang='lat' dir='ltr'><strong>torret</strong></span> <span class='ocrx_word' id='word_1_34' title='bbox 616 665 764 725; x_wconf 75' lang='lat' dir='ltr'><strong>indomitis</strong></span> <span class='ocrx_word' id='word_1_35' title='bbox 778 665 890 726; x_wconf 91' lang='lat' dir='ltr'><strong>Ionem.</strong></span> 
     </span>
     <span class='ocr_line' id='line_1_7' title="bbox 177 751 771 829; baseline -0.007 -15"><span class='ocrx_word' id='word_1_36' title='bbox 177 754 326 815; x_wconf 88' lang='lat' dir='ltr'><strong>Gradiuus</strong></span> <span class='ocrx_word' id='word_1_37' title='bbox 340 754 410 813; x_wconf 88' lang='lat' dir='ltr'><strong>istas</strong></span> <span class='ocrx_word' id='word_1_38' title='bbox 427 751 551 829; x_wconf 81' lang='lat' dir='ltr'><strong>belliger</strong></span> <span class='ocrx_word' id='word_1_39' title='bbox 567 752 660 811; x_wconf 90' lang='lat' dir='ltr'><strong>sensit</strong></span> <span class='ocrx_word' id='word_1_40' title='bbox 676 751 771 818; x_wconf 89' lang='lat' dir='ltr'><strong>laces,</strong></span> 
     </span>
     <span class='ocr_line' id='line_1_8' title="bbox 177 834 743 916; baseline -0.011 -17"><span class='ocrx_word' id='word_1_41' title='bbox 177 839 275 916; x_wconf 84' lang='lat' dir='ltr'><strong>opiiex</strong></span> <span class='ocrx_word' id='word_1_42' title='bbox 292 836 403 897; x_wconf 79' lang='lat' dir='ltr'><strong>trisulci</strong></span> <span class='ocrx_word' id='word_1_43' title='bbox 419 836 549 896; x_wconf 92' lang='lat' dir='ltr'><strong>iulminis</strong></span> <span class='ocrx_word' id='word_1_44' title='bbox 564 836 656 895; x_wconf 89' lang='lat' dir='ltr'><strong>sensit</strong></span> <span class='ocrx_word' id='word_1_45' title='bbox 670 834 743 894; x_wconf 86' lang='lat' dir='ltr'><strong>deus</strong></span> 
     </span>
     <span class='ocr_line' id='line_1_9' title="bbox 178 919 794 1004; baseline -0.01 -21"><span class='ocrx_word' id='word_1_46' title='bbox 178 931 207 983; x_wconf 87' lang='lat' dir='ltr'><strong>et</strong></span> <span class='ocrx_word' id='word_1_47' title='bbox 223 924 273 1001; x_wconf 93' lang='lat' dir='ltr'><strong>qui</strong></span> <span class='ocrx_word' id='word_1_48' title='bbox 289 922 423 1004; x_wconf 79' lang='lat' dir='ltr'><strong>iurantes</strong></span> <span class='ocrx_word' id='word_1_49' title='bbox 439 939 557 998; x_wconf 90' lang='lat' dir='ltr'><strong>semper</strong></span> <span class='ocrx_word' id='word_1_50' title='bbox 573 920 702 980; x_wconf 80' lang='lat' dir='ltr'><strong>aetnaeis</strong></span> <span class='ocrx_word' id='word_1_51' title='bbox 716 919 794 996; x_wconf 84' lang='lat' dir='ltr'><strong>iugis</strong></span> 
     </span>
    </p>

    <p class='ocr_par' dir='ltr' id='par_1_4' title="bbox 126 1001 857 1337">
     <span class='ocr_line' id='line_1_10' title="bbox 126 1001 791 1083; baseline -0.009 -16"><span class='ocrx_word' id='word_1_52' title='bbox 126 1029 129 1038; x_wconf 94' lang='lat'><em>·</em></span> <span class='ocrx_word' id='word_1_53' title='bbox 178 1014 277 1068; x_wconf 89' lang='lat' dir='ltr'><strong>uersat</strong></span> <span class='ocrx_word' id='word_1_54' title='bbox 293 1008 424 1068; x_wconf 86' lang='lat' dir='ltr'><strong>caminos</strong></span> <span class='ocrx_word' id='word_1_55' title='bbox 439 1006 507 1082; x_wconf 83' lang='lat' dir='ltr'><strong>igne</strong></span> <span class='ocrx_word' id='word_1_56' title='bbox 524 1011 581 1064; x_wconf 90' lang='lat' dir='ltr'><strong>tam</strong></span> <span class='ocrx_word' id='word_1_57' title='bbox 598 1021 692 1083; x_wconf 88' lang='lat' dir='ltr'><strong>paruo</strong></span> <span class='ocrx_word' id='word_1_58' title='bbox 708 1001 791 1062; x_wconf 87' lang='lat' dir='ltr'><strong>calet.</strong></span> 
     </span>
     <span class='ocr_line' id='line_1_11' title="bbox 176 1089 857 1169; baseline -0.01 -18"><span class='ocrx_word' id='word_1_59' title='bbox 176 1093 332 1169; x_wconf 90' lang='lat' dir='ltr'><strong>ipsumque</strong></span> <span class='ocrx_word' id='word_1_60' title='bbox 348 1089 502 1151; x_wconf 84' lang='lat' dir='ltr'><strong>Phoebum</strong></span> <span class='ocrx_word' id='word_1_61' title='bbox 519 1089 575 1149; x_wconf 88' lang='lat' dir='ltr'><strong>tela</strong></span> <span class='ocrx_word' id='word_1_62' title='bbox 592 1090 642 1167; x_wconf 91' lang='lat' dir='ltr'><strong>qui</strong></span> <span class='ocrx_word' id='word_1_63' title='bbox 657 1105 752 1148; x_wconf 92' lang='lat' dir='ltr'><strong>neruo</strong></span> <span class='ocrx_word' id='word_1_64' title='bbox 767 1090 857 1164; x_wconf 82' lang='lat' dir='ltr'><strong>regit,</strong></span> 
     </span>
     <span class='ocr_line' id='line_1_12' title="bbox 176 1175 678 1253; baseline -0.008 -17"><span class='ocrx_word' id='word_1_65' title='bbox 176 1177 239 1253; x_wconf 84' lang='lat' dir='ltr'><strong>tigit</strong></span> <span class='ocrx_word' id='word_1_66' title='bbox 254 1176 356 1253; x_wconf 85' lang='lat' dir='ltr'><strong>sagitta</strong></span> <span class='ocrx_word' id='word_1_67' title='bbox 373 1175 482 1235; x_wconf 83' lang='lat' dir='ltr'><strong>certior</strong></span> <span class='ocrx_word' id='word_1_68' title='bbox 497 1175 587 1235; x_wconf 89' lang='lat' dir='ltr'><strong>missa</strong></span> <span class='ocrx_word' id='word_1_69' title='bbox 604 1190 678 1252; x_wconf 91' lang='lat' dir='ltr'><strong>puer</strong></span> 
     </span>
     <span class='ocr_line' id='line_1_13' title="bbox 176 1257 833 1337; baseline -0.006 -17"><span class='ocrx_word' id='word_1_70' title='bbox 176 1259 337 1337; x_wconf 91' lang='lat' dir='ltr'><strong>uolitatque</strong></span> <span class='ocrx_word' id='word_1_71' title='bbox 353 1258 434 1319; x_wconf 89' lang='lat' dir='ltr'><strong>caelo</strong></span> <span class='ocrx_word' id='word_1_72' title='bbox 450 1259 560 1337; x_wconf 88' lang='lat' dir='ltr'><strong>pariter</strong></span> <span class='ocrx_word' id='word_1_73' title='bbox 576 1266 605 1318; x_wconf 89' lang='lat' dir='ltr'><strong>et</strong></span> <span class='ocrx_word' id='word_1_74' title='bbox 620 1259 708 1317; x_wconf 88' lang='lat' dir='ltr'><strong>terris</strong></span> <span class='ocrx_word' id='word_1_75' title='bbox 723 1257 833 1332; x_wconf 83' lang='lat' dir='ltr'><strong>grauis.</strong></span> 
     </span>
    </p>

    <p class='ocr_par' dir='ltr' id='par_1_5' title="bbox 141 1341 1176 1930">
     <span class='ocr_line' id='line_1_14' title="bbox 141 1341 1176 1419; baseline 0.004 -18"><span class='ocrx_word' id='word_1_76' title='bbox 141 1353 160 1401; x_wconf 83' lang='lat' dir='ltr'>h</span> <span class='ocrx_word' id='word_1_77' title='bbox 220 1358 324 1404; x_wconf 74' lang='lat' dir='ltr'><strong>nvuu.</strong></span> <span class='ocrx_word' id='word_1_78' title='bbox 349 1345 441 1404; x_wconf 86' lang='lat' dir='ltr'><strong>Deum</strong></span> <span class='ocrx_word' id='word_1_79' title='bbox 458 1359 523 1403; x_wconf 88' lang='lat' dir='ltr'><strong>esse</strong></span> <span class='ocrx_word' id='word_1_80' title='bbox 540 1359 671 1402; x_wconf 85' lang='lat' dir='ltr'><strong>amorem</strong></span> <span class='ocrx_word' id='word_1_81' title='bbox 687 1343 781 1419; x_wconf 88' lang='lat' dir='ltr'><strong>turpis</strong></span> <span class='ocrx_word' id='word_1_82' title='bbox 797 1349 826 1401; x_wconf 91' lang='lat' dir='ltr'><strong>et</strong></span> <span class='ocrx_word' id='word_1_83' title='bbox 839 1341 910 1400; x_wconf 92' lang='lat' dir='ltr'><strong>uitio</strong></span> <span class='ocrx_word' id='word_1_84' title='bbox 927 1342 1033 1401; x_wconf 87' lang='lat' dir='ltr'><strong>iurens</strong></span> <span class='ocrx_word' id='word_1_85' title='bbox 1120 1357 1176 1406; x_wconf 79' lang='lat'><strong>200</strong></span> 
     </span>
     <span class='ocr_line' id='line_1_15' title="bbox 175 1425 790 1506; baseline -0.005 -19"><span class='ocrx_word' id='word_1_86' title='bbox 175 1429 189 1487; x_wconf 86' lang='lat' dir='ltr'><strong>f</strong></span> <span class='ocrx_word' id='word_1_87' title='bbox 194 1431 290 1488; x_wconf 83' lang='lat' dir='ltr'><strong>inxit</strong></span> <span class='ocrx_word' id='word_1_88' title='bbox 304 1426 424 1488; x_wconf 91' lang='lat' dir='ltr'><strong>libido</strong></span> <span class='ocrx_word' id='word_1_89' title='bbox 440 1445 558 1506; x_wconf 91' lang='lat' dir='ltr'><strong>quoque</strong></span> <span class='ocrx_word' id='word_1_90' title='bbox 573 1425 696 1486; x_wconf 89' lang='lat' dir='ltr'><strong>liberior</strong></span> <span class='ocrx_word' id='word_1_91' title='bbox 712 1425 790 1485; x_wconf 85' lang='lat' dir='ltr'><strong>soret</strong></span> 
     </span>
     <span class='ocr_line' id='line_1_16' title="bbox 175 1508 821 1574; baseline -0.006 0"><span class='ocrx_word' id='word_1_92' title='bbox 175 1510 293 1574; x_wconf 89' lang='lat' dir='ltr'><strong>titulum</strong></span> <span class='ocrx_word' id='word_1_93' title='bbox 309 1513 582 1574; x_wconf 81' lang='lat' dir='ltr'><strong>lurori&#39;numinis</strong></span> <span class='ocrx_word' id='word_1_94' title='bbox 597 1511 610 1570; x_wconf 91' lang='lat' dir='ltr'><strong>l</strong></span> <span class='ocrx_word' id='word_1_95' title='bbox 614 1508 685 1571; x_wconf 91' lang='lat' dir='ltr'><strong>alsi</strong></span> <span class='ocrx_word' id='word_1_96' title='bbox 700 1510 821 1570; x_wconf 88' lang='lat' dir='ltr'><strong>addidit.</strong></span> 
     </span>
     <span class='ocr_line' id='line_1_17' title="bbox 175 1595 845 1675; baseline -0.004 -18"><span class='ocrx_word' id='word_1_97' title='bbox 175 1605 297 1674; x_wconf 80' lang='lat' dir='ltr'><strong>gnatum</strong></span> <span class='ocrx_word' id='word_1_98' title='bbox 313 1615 368 1675; x_wconf 92' lang='lat' dir='ltr'><strong>per</strong></span> <span class='ocrx_word' id='word_1_99' title='bbox 384 1598 479 1658; x_wconf 91' lang='lat' dir='ltr'><strong>omnis</strong></span> <span class='ocrx_word' id='word_1_100' title='bbox 495 1595 610 1656; x_wconf 90' lang='lat' dir='ltr'><strong>scilicet</strong></span> <span class='ocrx_word' id='word_1_101' title='bbox 625 1602 721 1655; x_wconf 90' lang='lat' dir='ltr'><strong>terras</strong></span> <span class='ocrx_word' id='word_1_102' title='bbox 736 1611 845 1671; x_wconf 78' lang='lat' dir='ltr'><strong>uagum</strong></span> 
     </span>
     <span class='ocr_line' id='line_1_18' title="bbox 174 1678 812 1761; baseline -0.006 -19"><span class='ocrx_word' id='word_1_103' title='bbox 174 1682 299 1761; x_wconf 84' lang='lat' dir='ltr'><strong>Erycina</strong></span> <span class='ocrx_word' id='word_1_104' title='bbox 316 1682 412 1742; x_wconf 89' lang='lat' dir='ltr'><strong>mittit.</strong></span> <span class='ocrx_word' id='word_1_105' title='bbox 442 1680 491 1740; x_wconf 89' lang='lat' dir='ltr'><strong>ille</strong></span> <span class='ocrx_word' id='word_1_106' title='bbox 509 1699 562 1759; x_wconf 89' lang='lat' dir='ltr'><strong>per</strong></span> <span class='ocrx_word' id='word_1_107' title='bbox 578 1678 690 1741; x_wconf 89' lang='lat' dir='ltr'><strong>caelum</strong></span> <span class='ocrx_word' id='word_1_108' title='bbox 708 1678 812 1740; x_wconf 91' lang='lat' dir='ltr'><strong>uolans</strong></span> 
     </span>
     <span class='ocr_line' id='line_1_19' title="bbox 175 1764 745 1844; baseline -0.005 -17"><span class='ocrx_word' id='word_1_109' title='bbox 175 1774 315 1844; x_wconf 89' lang='lat' dir='ltr'><strong>proterua</strong></span> <span class='ocrx_word' id='word_1_110' title='bbox 332 1773 432 1827; x_wconf 89' lang='lat' dir='ltr'><strong>tenera</strong></span> <span class='ocrx_word' id='word_1_111' title='bbox 449 1764 505 1828; x_wconf 80' lang='lat' dir='ltr'><strong>tels</strong></span> <span class='ocrx_word' id='word_1_112' title='bbox 521 1764 642 1825; x_wconf 91' lang='lat' dir='ltr'><strong>molitur</strong></span> <span class='ocrx_word' id='word_1_113' title='bbox 657 1781 745 1825; x_wconf 89' lang='lat' dir='ltr'><strong>manu</strong></span> 
     </span>
     <span class='ocr_line' id='line_1_20' title="bbox 175 1848 922 1930; baseline 0 -20"><span class='ocrx_word' id='word_1_114' title='bbox 175 1868 360 1930; x_wconf 81' lang='lat' dir='ltr'><strong>regnumque</strong></span> <span class='ocrx_word' id='word_1_115' title='bbox 376 1857 490 1912; x_wconf 92' lang='lat' dir='ltr'><strong>tautum</strong></span> <span class='ocrx_word' id='word_1_116' title='bbox 506 1850 643 1910; x_wconf 90' lang='lat' dir='ltr'><strong>minimus</strong></span> <span class='ocrx_word' id='word_1_117' title='bbox 660 1868 676 1909; x_wconf 91' lang='lat' dir='ltr'><strong>e</strong></span> <span class='ocrx_word' id='word_1_118' title='bbox 691 1849 808 1926; x_wconf 88' lang='lat' dir='ltr'><strong>superis</strong></span> <span class='ocrx_word' id='word_1_119' title='bbox 823 1848 922 1910; x_wconf 88' lang='lat' dir='ltr'><strong>habet.</strong></span> 
     </span>
    </p>

    <p class='ocr_par' dir='ltr' id='par_1_6' title="bbox 138 1929 935 2502">
     <span class='ocr_line' id='line_1_21' title="bbox 138 1929 935 2000; baseline 0.001 -9"><span class='ocrx_word' id='word_1_120' title='bbox 138 1933 165 1991; x_wconf 87' lang='lat' dir='ltr'><strong>h&#39;</strong></span> <span class='ocrx_word' id='word_1_121' title='bbox 221 1934 316 1996; x_wconf 89' lang='lat' dir='ltr'><strong>Vana</strong></span> <span class='ocrx_word' id='word_1_122' title='bbox 331 1936 385 1996; x_wconf 89' lang='lat' dir='ltr'><strong>ista</strong></span> <span class='ocrx_word' id='word_1_123' title='bbox 402 1935 524 1996; x_wconf 90' lang='lat' dir='ltr'><strong>demens</strong></span> <span class='ocrx_word' id='word_1_124' title='bbox 540 1937 654 1994; x_wconf 92' lang='lat' dir='ltr'><strong>animus</strong></span> <span class='ocrx_word' id='word_1_125' title='bbox 670 1933 795 1994; x_wconf 90' lang='lat' dir='ltr'><strong>adsciuit</strong></span> <span class='ocrx_word' id='word_1_126' title='bbox 810 1929 871 1993; x_wconf 87' lang='lat' dir='ltr'><strong>sibi</strong></span> <span class='ocrx_word' id='word_1_127' title='bbox 934 1996 935 2000; x_wconf 52' lang='lat'>,</span> 
     </span>
     <span class='ocr_line' id='line_1_22' title="bbox 175 2017 909 2098; baseline -0.001 -20"><span class='ocrx_word' id='word_1_128' title='bbox 175 2020 355 2098; x_wconf 87' lang='lat' dir='ltr'><strong>Venerisque</strong></span> <span class='ocrx_word' id='word_1_129' title='bbox 372 2037 503 2080; x_wconf 90' lang='lat' dir='ltr'><strong>numen</strong></span> <span class='ocrx_word' id='word_1_130' title='bbox 519 2020 632 2079; x_wconf 81' lang='lat' dir='ltr'><strong>finxit</strong></span> <span class='ocrx_word' id='word_1_131' title='bbox 647 2025 735 2096; x_wconf 90' lang='lat' dir='ltr'><strong>atque</strong></span> <span class='ocrx_word' id='word_1_132' title='bbox 750 2034 837 2078; x_wconf 91' lang='lat' dir='ltr'><strong>arcus</strong></span> <span class='ocrx_word' id='word_1_133' title='bbox 853 2017 909 2078; x_wconf 91' lang='lat' dir='ltr'><strong>dei.</strong></span> 
     </span>
     <span class='ocr_line' id='line_1_23' title="bbox 175 2101 794 2183; baseline -0.002 -20"><span class='ocrx_word' id='word_1_134' title='bbox 175 2104 306 2183; x_wconf 90' lang='lat' dir='ltr'><strong>quisquis</strong></span> <span class='ocrx_word' id='word_1_135' title='bbox 322 2104 460 2165; x_wconf 90' lang='lat' dir='ltr'><strong>secundis</strong></span> <span class='ocrx_word' id='word_1_136' title='bbox 475 2102 566 2164; x_wconf 89' lang='lat' dir='ltr'><strong>rebus</strong></span> <span class='ocrx_word' id='word_1_137' title='bbox 582 2101 691 2163; x_wconf 86' lang='lat' dir='ltr'><strong>exultat</strong></span> <span class='ocrx_word' id='word_1_138' title='bbox 707 2103 794 2162; x_wconf 88' lang='lat' dir='ltr'><strong>nimis</strong></span> 
     </span>
     <span class='ocr_line' id='line_1_24' title="bbox 173 2186 782 2267; baseline 0 -21"><span class='ocrx_word' id='word_1_139' title='bbox 173 2186 296 2267; x_wconf 87' lang='lat' dir='ltr'><strong>fluitque</strong></span> <span class='ocrx_word' id='word_1_140' title='bbox 311 2186 381 2249; x_wconf 83' lang='lat' dir='ltr'><strong>luxu</strong></span> <span class='ocrx_word' id='word_1_141' title='bbox 397 2206 516 2267; x_wconf 90' lang='lat' dir='ltr'><strong>semper</strong></span> <span class='ocrx_word' id='word_1_142' title='bbox 531 2186 647 2248; x_wconf 90' lang='lat' dir='ltr'><strong>insolita</strong></span> <span class='ocrx_word' id='word_1_143' title='bbox 662 2188 782 2266; x_wconf 89' lang='lat' dir='ltr'><strong>appetit.</strong></span> 
     </span>
     <span class='ocr_line' id='line_1_25' title="bbox 174 2271 797 2348; baseline 0.003 -18"><span class='ocrx_word' id='word_1_144' title='bbox 174 2279 246 2332; x_wconf 90' lang='lat' dir='ltr'><strong>tunc</strong></span> <span class='ocrx_word' id='word_1_145' title='bbox 261 2271 308 2332; x_wconf 92' lang='lat' dir='ltr'><strong>illa</strong></span> <span class='ocrx_word' id='word_1_146' title='bbox 324 2288 449 2348; x_wconf 80' lang='lat' dir='ltr'><strong>magnae</strong></span> <span class='ocrx_word' id='word_1_147' title='bbox 465 2273 528 2332; x_wconf 89' lang='lat' dir='ltr'><strong>dira</strong></span> <span class='ocrx_word' id='word_1_148' title='bbox 545 2272 681 2332; x_wconf 89' lang='lat' dir='ltr'><strong>lortunae</strong></span> <span class='ocrx_word' id='word_1_149' title='bbox 696 2289 797 2332; x_wconf 88' lang='lat' dir='ltr'><strong>comes</strong></span> 
     </span>
     <span class='ocr_line' id='line_1_26' title="bbox 174 2355 844 2440; baseline -0.001 -24"><span class='ocrx_word' id='word_1_150' title='bbox 174 2355 253 2440; x_wconf 88' lang='lat' dir='ltr'><strong>subit</strong></span> <span class='ocrx_word' id='word_1_151' title='bbox 268 2356 402 2417; x_wconf 89' lang='lat' dir='ltr'><strong>libido:</strong></span> <span class='ocrx_word' id='word_1_152' title='bbox 426 2373 485 2417; x_wconf 90' lang='lat' dir='ltr'><strong>non</strong></span> <span class='ocrx_word' id='word_1_153' title='bbox 501 2356 619 2435; x_wconf 86' lang='lat' dir='ltr'><strong>placent</strong></span> <span class='ocrx_word' id='word_1_154' title='bbox 633 2364 734 2416; x_wconf 88' lang='lat' dir='ltr'><strong>suetae</strong></span> <span class='ocrx_word' id='word_1_155' title='bbox 753 2356 844 2435; x_wconf 89' lang='lat' dir='ltr'><strong>dapes</strong></span> 
     </span>
     <span class='ocr_line' id='line_1_27' title="bbox 174 2440 768 2502; baseline 0.002 -3"><span class='ocrx_word' id='word_1_156' title='bbox 174 2457 233 2500; x_wconf 95' lang='lat' dir='ltr'><strong>non</strong></span> <span class='ocrx_word' id='word_1_157' title='bbox 251 2448 326 2501; x_wconf 86' lang='lat' dir='ltr'><strong>tecta</strong></span> <span class='ocrx_word' id='word_1_158' title='bbox 342 2442 405 2501; x_wconf 89' lang='lat' dir='ltr'><strong>sani</strong></span> <span class='ocrx_word' id='word_1_159' title='bbox 421 2442 513 2502; x_wconf 88' lang='lat' dir='ltr'><strong>moris</strong></span> <span class='ocrx_word' id='word_1_160' title='bbox 529 2449 579 2502; x_wconf 89' lang='lat' dir='ltr'><strong>aut</strong></span> <span class='ocrx_word' id='word_1_161' title='bbox 593 2440 660 2501; x_wconf 92' lang='lat' dir='ltr'><strong>uilis</strong></span> <span class='ocrx_word' id='word_1_162' title='bbox 674 2445 768 2501; x_wconf 82' lang='lat' dir='ltr'><strong>sinus.</strong></span> 
     </span>
    </p>

    <p class='ocr_par' dir='ltr' id='par_1_7' title="bbox 123 2523 789 2608">
     <span class='ocr_line' id='line_1_28' title="bbox 123 2523 789 2608; baseline 0.002 -27"><span class='ocrx_word' id='word_1_163' title='bbox 123 2523 163 2581; x_wconf 86' lang='lat' dir='ltr'><strong>h&#39;‘</strong></span> <span class='ocrx_word' id='word_1_164' title='bbox 219 2524 278 2584; x_wconf 86' lang='lat' dir='ltr'><strong>Gur</strong></span> <span class='ocrx_word' id='word_1_165' title='bbox 293 2527 323 2584; x_wconf 94' lang='lat' dir='ltr'><strong>in</strong></span> <span class='ocrx_word' id='word_1_166' title='bbox 339 2534 462 2608; x_wconf 86' lang='lat' dir='ltr'><strong>penates</strong></span> <span class='ocrx_word' id='word_1_167' title='bbox 477 2527 574 2586; x_wconf 86' lang='lat' dir='ltr'><strong>rarius</strong></span> <span class='ocrx_word' id='word_1_168' title='bbox 589 2531 695 2586; x_wconf 89' lang='lat' dir='ltr'><strong>tenues</strong></span> <span class='ocrx_word' id='word_1_169' title='bbox 710 2525 789 2585; x_wconf 91' lang='lat' dir='ltr'><strong>subit</strong></span> 
     </span>
    </p>
   </div>
   <div class='ocr_carea' id='block_1_3' title="bbox 172 2771 1250 3391">
    <p class='ocr_par' dir='ltr' id='par_1_8' title="bbox 172 2771 1250 3391">
     <span class='ocr_line' id='line_1_29' title="bbox 243 2771 1250 2862; baseline 0.01 -21"><span class='ocrx_word' id='word_1_170' title='bbox 243 2792 290 2844; x_wconf 82' lang='lat'><strong>189</strong></span> <span class='ocrx_word' id='word_1_171' title='bbox 309 2794 381 2858; x_wconf 90' lang='lat' dir='ltr'><strong>quod</strong></span> <span class='ocrx_word' id='word_1_172' title='bbox 400 2809 421 2842; x_wconf 88' lang='lat' dir='ltr'><strong>r.</strong></span> <span class='ocrx_word' id='word_1_173' title='bbox 435 2795 527 2858; x_wconf 89' lang='lat' dir='ltr'><strong>poscit</strong></span> <span class='ocrx_word' id='word_1_174' title='bbox 540 2795 563 2842; x_wconf 88' lang='grc' dir='ltr'><em>Α</em></span> <span class='ocrx_word' id='word_1_175' title='bbox 584 2793 649 2858; x_wconf 88' lang='lat' dir='ltr'><strong>quid</strong></span> <span class='ocrx_word' id='word_1_176' title='bbox 662 2809 683 2843; x_wconf 89' lang='lat' dir='ltr'><strong>r.</strong></span> <span class='ocrx_word' id='word_1_177' title='bbox 696 2794 783 2858; x_wconf 84' lang='lat' dir='ltr'><strong>possit</strong></span> <span class='ocrx_word' id='word_1_178' title='bbox 800 2794 826 2843; x_wconf 84' lang='lat' dir='ltr'><em>E</em></span> <span class='ocrx_word' id='word_1_179' title='bbox 842 2791 854 2862; x_wconf 77' lang='lat' dir='ltr'><strong>ll</strong></span> <span class='ocrx_word' id='word_1_180' title='bbox 875 2795 1003 2847; x_wconf 72' lang='lat' dir='ltr'><strong>uincit&#39;A</strong></span> <span class='ocrx_word' id='word_1_181' title='bbox 1023 2801 1101 2850; x_wconf 82' lang='lat' dir='ltr'><strong>uicit</strong></span> <span class='ocrx_word' id='word_1_182' title='bbox 1249 2771 1250 2842; x_wconf 84' lang='lat' dir='ltr'><strong>l</strong></span> 
     </span>
     <span class='ocr_line' id='line_1_30' title="bbox 172 2856 1100 2928; baseline 0.01 -21"><span class='ocrx_word' id='word_1_183' title='bbox 172 2857 198 2906; x_wconf 85' lang='lat' dir='ltr'><em>E</em></span> <span class='ocrx_word' id='word_1_184' title='bbox 218 2856 230 2925; x_wconf 78' lang='lat' dir='ltr'><strong>ll</strong></span> <span class='ocrx_word' id='word_1_185' title='bbox 255 2862 302 2910; x_wconf 86' lang='lat'><strong>191</strong></span> <span class='ocrx_word' id='word_1_186' title='bbox 322 2866 422 2926; x_wconf 86' lang='lat' dir='ltr'><strong>regnat</strong></span> <span class='ocrx_word' id='word_1_187' title='bbox 440 2861 464 2911; x_wconf 89' lang='grc' dir='ltr'><em>Α</em></span> <span class='ocrx_word' id='word_1_188' title='bbox 483 2861 571 2927; x_wconf 89' lang='lat' dir='ltr'><strong>pollet</strong></span> <span class='ocrx_word' id='word_1_189' title='bbox 588 2861 614 2910; x_wconf 84' lang='lat' dir='ltr'><em>E</em></span> <span class='ocrx_word' id='word_1_190' title='bbox 632 2868 651 2911; x_wconf 88' lang='lat' dir='ltr'><strong>t.</strong></span> <span class='ocrx_word' id='word_1_191' title='bbox 671 2862 715 2911; x_wconf 84' lang='lat' dir='ltr'><strong>Gr.</strong></span> <span class='ocrx_word' id='word_1_192' title='bbox 737 2859 749 2927; x_wconf 79' lang='grc'><strong>11</strong></span> <span class='ocrx_word' id='word_1_193' title='bbox 769 2866 868 2928; x_wconf 76' lang='lat' dir='ltr'><strong>potens</strong></span> <span class='ocrx_word' id='word_1_194' title='bbox 886 2881 907 2914; x_wconf 88' lang='grc' dir='ltr'><strong><em>ω</em></strong></span> <span class='ocrx_word' id='word_1_195' title='bbox 927 2879 1043 2916; x_wconf 86' lang='lat' dir='ltr'><strong>nocens</strong></span> <span class='ocrx_word' id='word_1_196' title='bbox 1063 2872 1100 2918; x_wconf 83' lang='lat' dir='ltr'><strong>ci.</strong></span> 
     </span>
     <span class='ocr_line' id='line_1_31' title="bbox 175 2925 1099 3001; baseline 0.009 -25"><span class='ocrx_word' id='word_1_197' title='bbox 175 2925 252 2979; x_wconf 81' lang='lat' dir='ltr'><strong>Gron.</strong></span> <span class='ocrx_word' id='word_1_198' title='bbox 272 2929 415 2994; x_wconf 86' lang='lat' dir='ltr'><strong>impotens</strong></span> <span class='ocrx_word' id='word_1_199' title='bbox 433 2932 464 2978; x_wconf 84' lang='lat' dir='ltr'><strong>ct.</strong></span> <span class='ocrx_word' id='word_1_200' title='bbox 480 2930 555 2978; x_wconf 84' lang='lat' dir='ltr'><strong>NHs.</strong></span> <span class='ocrx_word' id='word_1_201' title='bbox 568 2925 580 2993; x_wconf 82' lang='grc' dir='ltr'><strong>ΙΙ</strong></span> <span class='ocrx_word' id='word_1_202' title='bbox 594 2930 641 2979; x_wconf 82' lang='lat'><strong>192</strong></span> <span class='ocrx_word' id='word_1_203' title='bbox 660 2930 803 2994; x_wconf 86' lang='lat' dir='ltr'><strong>ipsumque</strong></span> <span class='ocrx_word' id='word_1_204' title='bbox 818 2932 841 2979; x_wconf 88' lang='lat' dir='ltr'><em>A</em></span> <span class='ocrx_word' id='word_1_205' title='bbox 861 2931 1007 2998; x_wconf 76' lang='lat' dir='ltr'><strong>lusumque</strong></span> <span class='ocrx_word' id='word_1_206' title='bbox 1019 2935 1075 2998; x_wconf 87' lang='grc' dir='ltr'><strong>Εψ</strong></span> <span class='ocrx_word' id='word_1_207' title='bbox 1087 2932 1099 3001; x_wconf 77' lang='lat' dir='ltr'><strong>ll</strong></span> 
     </span>
     <span class='ocr_line' id='line_1_32' title="bbox 174 2994 1098 3064; baseline 0.011 -21"><span class='ocrx_word' id='word_1_208' title='bbox 174 2996 223 3044; x_wconf 83' lang='lat'><strong>194</strong></span> <span class='ocrx_word' id='word_1_209' title='bbox 246 2995 356 3046; x_wconf 86' lang='lat' dir='ltr'><strong>trisulci</strong></span> <span class='ocrx_word' id='word_1_210' title='bbox 373 3012 442 3049; x_wconf 86' lang='lat' dir='ltr'><strong>corr.</strong></span> <span class='ocrx_word' id='word_1_211' title='bbox 461 3013 492 3047; x_wconf 77' lang='lat' dir='ltr'><strong>an.</strong></span> <span class='ocrx_word' id='word_1_212' title='bbox 512 2999 528 3045; x_wconf 91' lang='lat'><strong><em>2</em></strong></span> <span class='ocrx_word' id='word_1_213' title='bbox 547 3012 583 3045; x_wconf 73' lang='lat' dir='ltr'><strong>en</strong></span> <span class='ocrx_word' id='word_1_214' title='bbox 601 2997 708 3046; x_wconf 81' lang='lat' dir='ltr'><strong>trisulci</strong></span> <span class='ocrx_word' id='word_1_215' title='bbox 726 2998 752 3046; x_wconf 92' lang='grc' dir='ltr'><em>Ε</em></span> <span class='ocrx_word' id='word_1_216' title='bbox 774 2994 787 3064; x_wconf 83' lang='grc' dir='ltr'><strong>ΙΙ</strong></span> <span class='ocrx_word' id='word_1_217' title='bbox 809 3000 860 3049; x_wconf 78' lang='grc'><strong>200</strong></span> <span class='ocrx_word' id='word_1_218' title='bbox 883 3002 959 3064; x_wconf 87' lang='lat' dir='ltr'><strong>turpi</strong></span> <span class='ocrx_word' id='word_1_219' title='bbox 977 3003 1098 3054; x_wconf 85' lang='lat' dir='ltr'><strong>seruitio</strong></span> 
     </span>
     <span class='ocr_line' id='line_1_33' title="bbox 173 3061 1098 3130; baseline 0.012 -21"><span class='ocrx_word' id='word_1_220' title='bbox 173 3061 312 3127; x_wconf 76' lang='lat' dir='ltr'><strong>fauensqt</strong></span> <span class='ocrx_word' id='word_1_221' title='bbox 343 3065 461 3128; x_wconf 88' lang='lat' dir='ltr'><strong>turpiter</strong></span> <span class='ocrx_word' id='word_1_222' title='bbox 484 3063 552 3114; x_wconf 89' lang='lat' dir='ltr'><strong>uitio</strong></span> <span class='ocrx_word' id='word_1_223' title='bbox 575 3065 675 3113; x_wconf 76' lang='lat' dir='ltr'><strong>fauens</strong></span> <span class='ocrx_word' id='word_1_224' title='bbox 702 3081 720 3114; x_wconf 88' lang='grc' dir='ltr'><em>α</em></span> <span class='ocrx_word' id='word_1_225' title='bbox 750 3067 837 3130; x_wconf 85' lang='lat' dir='ltr'><strong>turpis</strong></span> <span class='ocrx_word' id='word_1_226' title='bbox 862 3071 890 3116; x_wconf 87' lang='lat' dir='ltr'><strong>et</strong></span> <span class='ocrx_word' id='word_1_227' title='bbox 908 3068 977 3119; x_wconf 91' lang='lat' dir='ltr'><strong>uitio</strong></span> <span class='ocrx_word' id='word_1_228' title='bbox 996 3070 1098 3120; x_wconf 84' lang='lat' dir='ltr'><strong>furens</strong></span> 
     </span>
     <span class='ocr_line' id='line_1_34' title="bbox 173 3125 1097 3203; baseline 0.014 -28"><span class='ocrx_word' id='word_1_229' title='bbox 173 3127 197 3175; x_wconf 88' lang='grc' dir='ltr'><em>Ε</em></span> <span class='ocrx_word' id='word_1_230' title='bbox 220 3125 232 3195; x_wconf 79' lang='grc' dir='ltr'>Η</span> <span class='ocrx_word' id='word_1_231' title='bbox 255 3131 467 3194; x_wconf 65' lang='lat' dir='ltr'><strong>conregnatque</strong></span> <span class='ocrx_word' id='word_1_232' title='bbox 486 3135 518 3183; x_wconf 79' lang='lat' dir='ltr'><strong>ct.</strong></span> <span class='ocrx_word' id='word_1_233' title='bbox 537 3132 570 3181; x_wconf 91' lang='lat' dir='ltr'><strong>N.</strong></span> <span class='ocrx_word' id='word_1_234' title='bbox 590 3132 639 3182; x_wconf 86' lang='lat' dir='ltr'><strong>Hs.</strong></span> <span class='ocrx_word' id='word_1_235' title='bbox 668 3134 697 3180; x_wconf 88' lang='lat' dir='ltr'><strong>in</strong></span> <span class='ocrx_word' id='word_1_236' title='bbox 716 3147 830 3196; x_wconf 86' lang='lat' dir='ltr'><strong>superos</strong></span> <span class='ocrx_word' id='word_1_237' title='bbox 849 3150 868 3183; x_wconf 90' lang='grc' dir='ltr'><em>α</em></span> <span class='ocrx_word' id='word_1_238' title='bbox 893 3134 922 3183; x_wconf 87' lang='grc' dir='ltr'><strong>ἰιι</strong></span> <span class='ocrx_word' id='word_1_239' title='bbox 941 3139 1097 3203; x_wconf 62' lang='lat' dir='ltr'><strong>superium</strong></span> 
     </span>
     <span class='ocr_line' id='line_1_35' title="bbox 173 3194 1097 3272; baseline 0.013 -29"><span class='ocrx_word' id='word_1_240' title='bbox 173 3197 313 3272; x_wconf 76' lang='lat' dir='ltr'><strong>esuperis</strong></span> <span class='ocrx_word' id='word_1_241' title='bbox 331 3197 381 3247; x_wconf 78' lang='grc' dir='ltr'><strong>ΕΕ</strong></span> <span class='ocrx_word' id='word_1_242' title='bbox 409 3194 420 3263; x_wconf 82' lang='grc' dir='ltr'>Η</span> <span class='ocrx_word' id='word_1_243' title='bbox 450 3201 500 3250; x_wconf 76' lang='lat'><strong>210</strong></span> <span class='ocrx_word' id='word_1_244' title='bbox 519 3202 653 3263; x_wconf 83' lang='lat' dir='ltr'><strong>appetens</strong></span> <span class='ocrx_word' id='word_1_245' title='bbox 673 3201 698 3248; x_wconf 84' lang='lat' dir='ltr'><em>A</em></span> <span class='ocrx_word' id='word_1_246' title='bbox 718 3201 826 3264; x_wconf 83' lang='lat' dir='ltr'><strong>appetit</strong></span> <span class='ocrx_word' id='word_1_247' title='bbox 845 3201 893 3250; x_wconf 78' lang='lat' dir='ltr'><strong>ER</strong></span> <span class='ocrx_word' id='word_1_248' title='bbox 915 3199 927 3269; x_wconf 74' lang='lat' dir='ltr'><strong>ll</strong></span> <span class='ocrx_word' id='word_1_249' title='bbox 956 3206 1007 3253; x_wconf 78' lang='lat'><strong>211</strong></span> <span class='ocrx_word' id='word_1_250' title='bbox 1026 3210 1097 3255; x_wconf 87' lang='lat' dir='ltr'><strong>tunc</strong></span> 
     </span>
     <span class='ocr_line' id='line_1_36' title="bbox 172 3261 1097 3338; baseline 0.016 -30"><span class='ocrx_word' id='word_1_251' title='bbox 172 3261 249 3338; x_wconf 80' lang='lat' dir='ltr'><strong>illurn</strong></span> <span class='ocrx_word' id='word_1_252' title='bbox 267 3272 291 3328; x_wconf 86' lang='grc' dir='ltr'><em>ψ</em></span> <span class='ocrx_word' id='word_1_253' title='bbox 309 3264 382 3314; x_wconf 87' lang='lat' dir='ltr'><strong>hunc</strong></span> <span class='ocrx_word' id='word_1_254' title='bbox 400 3265 450 3315; x_wconf 81' lang='lat' dir='ltr'><strong>illo</strong></span> <span class='ocrx_word' id='word_1_255' title='bbox 469 3283 488 3316; x_wconf 90' lang='grc' dir='ltr'><em>α</em></span> <span class='ocrx_word' id='word_1_256' title='bbox 505 3271 571 3315; x_wconf 84' lang='lat' dir='ltr'><strong>tunc</strong></span> <span class='ocrx_word' id='word_1_257' title='bbox 590 3266 640 3316; x_wconf 81' lang='lat' dir='ltr'><strong>illa</strong></span> <span class='ocrx_word' id='word_1_258' title='bbox 657 3267 707 3330; x_wconf 82' lang='grc' dir='ltr'><strong>Εψ</strong></span> <span class='ocrx_word' id='word_1_259' title='bbox 719 3267 731 3333; x_wconf 71' lang='grc' dir='ltr'><strong>ΙΙ</strong></span> <span class='ocrx_word' id='word_1_260' title='bbox 744 3270 793 3318; x_wconf 79' lang='grc'><strong>213</strong></span> <span class='ocrx_word' id='word_1_261' title='bbox 812 3268 878 3318; x_wconf 86' lang='lat' dir='ltr'><strong>ullis</strong></span> <span class='ocrx_word' id='word_1_262' title='bbox 897 3270 980 3333; x_wconf 88' lang='lat' dir='ltr'><strong>(ullus</strong></span> <span class='ocrx_word' id='word_1_263' title='bbox 999 3280 1018 3322; x_wconf 84' lang='lat' dir='ltr'><strong>t.</strong></span> <span class='ocrx_word' id='word_1_264' title='bbox 1034 3272 1097 3336; x_wconf 76' lang='grc' dir='ltr'><em>(ἲν.)</em></span> 
     </span>
     <span class='ocr_line' id='line_1_37' title="bbox 174 3327 1097 3391; baseline 0.018 -17"><span class='ocrx_word' id='word_1_265' title='bbox 174 3327 252 3377; x_wconf 81' lang='lat' dir='ltr'><strong>cibus</strong></span> <span class='ocrx_word' id='word_1_266' title='bbox 264 3331 289 3378; x_wconf 91' lang='grc' dir='ltr'><em>Ε</em></span> <span class='ocrx_word' id='word_1_267' title='bbox 307 3331 371 3381; x_wconf 88' lang='lat' dir='ltr'><strong>uilis</strong></span> <span class='ocrx_word' id='word_1_268' title='bbox 384 3334 460 3383; x_wconf 78' lang='lat' dir='ltr'><strong>cibus</strong></span> <span class='ocrx_word' id='word_1_269' title='bbox 474 3335 498 3383; x_wconf 89' lang='grc' dir='ltr'><em>Α</em></span> <span class='ocrx_word' id='word_1_270' title='bbox 518 3333 644 3384; x_wconf 88' lang='lat' dir='ltr'><strong>humilis</strong></span> <span class='ocrx_word' id='word_1_271' title='bbox 663 3338 704 3384; x_wconf 82' lang='lat' dir='ltr'><strong>uel</strong></span> <span class='ocrx_word' id='word_1_272' title='bbox 721 3335 786 3384; x_wconf 87' lang='lat' dir='ltr'><strong>uilis</strong></span> <span class='ocrx_word' id='word_1_273' title='bbox 805 3340 895 3386; x_wconf 84' lang='lat' dir='ltr'><strong>torus</strong></span> <span class='ocrx_word' id='word_1_274' title='bbox 912 3340 944 3388; x_wconf 82' lang='lat' dir='ltr'><strong>ci.</strong></span> <span class='ocrx_word' id='word_1_275' title='bbox 961 3339 1007 3391; x_wconf 82' lang='lat' dir='ltr'><strong>Gr.</strong></span> <span class='ocrx_word' id='word_1_276' title='bbox 1026 3341 1097 3391; x_wconf 85' lang='lat' dir='ltr'><strong>uilis</strong></span> 
     </span>
    </p>
   </div>
   <div class='ocr_carea' id='block_1_4' title="bbox 174 3396 1097 3533">
    <p class='ocr_par' dir='ltr' id='par_1_9' title="bbox 174 3396 1097 3533">
     <span class='ocr_line' id='line_1_38' title="bbox 174 3396 1097 3475; baseline 0.023 -37"><span class='ocrx_word' id='word_1_277' title='bbox 174 3396 316 3475; x_wconf 37' lang='lat' dir='ltr'><strong>⁸9tl&gt;h¹¹¹⁸</strong></span> <span class='ocrx_word' id='word_1_278' title='bbox 339 3401 371 3447; x_wconf 84' lang='lat' dir='ltr'><strong>ci.</strong></span> <span class='ocrx_word' id='word_1_279' title='bbox 389 3400 440 3452; x_wconf 90' lang='lat' dir='ltr'><strong>Bo.</strong></span> <span class='ocrx_word' id='word_1_280' title='bbox 459 3407 484 3450; x_wconf 84' lang='lat' dir='ltr'><strong>et</strong></span> <span class='ocrx_word' id='word_1_281' title='bbox 501 3401 678 3451; x_wconf 76' lang='lat' dir='ltr'><strong>Mitscleerliclt</strong></span> <span class='ocrx_word' id='word_1_282' title='bbox 707 3404 791 3466; x_wconf 84' lang='lat' dir='ltr'><strong>tyrii</strong></span> <span class='ocrx_word' id='word_1_283' title='bbox 815 3405 901 3454; x_wconf 88' lang='lat' dir='ltr'><strong>sinus</strong></span> <span class='ocrx_word' id='word_1_284' title='bbox 924 3407 956 3455; x_wconf 82' lang='lat' dir='ltr'><strong>ci.</strong></span> <span class='ocrx_word' id='word_1_285' title='bbox 982 3407 1097 3472; x_wconf 73' lang='lat' dir='ltr'><strong>Withof.</strong></span> 
     </span>
     <span class='ocr_line' id='line_1_39' title="bbox 174 3457 651 3533; baseline 0.034 -31"><span class='ocrx_word' id='word_1_286' title='bbox 174 3457 240 3506; x_wconf 86' lang='lat' dir='ltr'><strong>urlrs</strong></span> <span class='ocrx_word' id='word_1_287' title='bbox 259 3475 347 3512; x_wconf 83' lang='lat' dir='ltr'><strong>sinus</strong></span> <span class='ocrx_word' id='word_1_288' title='bbox 364 3468 460 3529; x_wconf 72' lang='lat' dir='ltr'><strong>scripsi</strong></span> <span class='ocrx_word' id='word_1_289' title='bbox 477 3484 530 3517; x_wconf 80' lang='lat' dir='ltr'><strong>cum</strong></span> <span class='ocrx_word' id='word_1_290' title='bbox 547 3468 615 3517; x_wconf 83' lang='lat' dir='ltr'><strong>Bad.</strong></span> <span class='ocrx_word' id='word_1_291' title='bbox 639 3465 651 3533; x_wconf 78' lang='lat' dir='ltr'><strong>ll</strong></span> 
     </span>
    </p>
   </div>
   <div class='ocr_carea' id='block_1_5' title="bbox 0 0 1256 3978">
    <p class='ocr_par' dir='ltr' id='par_1_10' title="bbox 0 0 1256 3978">
     <span class='ocr_line' id='line_1_40' title="bbox 0 0 1256 3978; baseline 0 0"><span class='ocrx_word' id='word_1_292' title='bbox 0 0 1256 3978; x_wconf 95' lang='lat' dir='ltr'><strong> </strong></span> 
     </span>
    </p>
   </div>
  </div>
 </body>
</html>
