2516 3998
195 189 337 238 XXXVIII
572 185 770 234 PRAEFATIO

151 357 179 421 ψ
199 349 385 422 discrepantes
412 346 519 420 aliquot
546 346 592 403 uel
612 346 731 420 plurium
758 345 892 401 librorum
913 345 1065 418 scripturas
1088 343 1147 416 (ψ)

197 420 397 489 adnotaremus.
425 431 472 488 ubi
493 432 527 488 ab
548 431 674 488 omnibus
697 429 775 486 libris
796 428 951 486 discedebat
972 447 992 482 α
1016 446 1148 503 graecum

155 534 179 572 ω
198 517 365 592 ponebatur,
388 519 533 590 utriusque
553 517 723 572 recensionis
744 513 908 571 consensum
923 515 1004 570 litera
1019 531 1043 569 ω
1060 515 1148 589 signi-

197 602 348 659 licauimus.
377 601 406 657 ld
427 617 494 657 uero
509 601 560 657 hac
575 603 603 655 in
620 599 830 656 remanendum
846 607 903 662 est,
924 615 979 655 non
995 615 1148 672 numquam

196 688 292 744 nonA
312 703 378 744 uere
399 686 542 759 uolgarem
561 685 707 742 lectionem
728 702 803 745 esse,
826 683 874 741 sed
888 693 924 756 ψ.
961 683 1068 740 Etenim
1085 701 1147 742 cum

197 773 225 829 in
241 771 327 828 libros
348 769 476 844 uolgares
497 769 622 843 singulae
638 771 790 844 scrtpturae
809 786 840 825 er
855 768 969 825 meliore
984 770 1147 825 recensione

196 856 346 913 translatae
361 863 467 916 essent,
483 854 511 909 id
527 854 600 929 quod
613 871 696 928 supra
711 855 973 915 demonstrauimus,
990 853 1039 909 has
1053 856 1147 909 Auar-

198 942 253 996 tius
274 940 410 996 interdum
424 939 537 1014 recepit.
574 937 741 1014 Quamquam
758 940 780 996 si
802 940 962 996 uniuersum
978 945 1146 1012 spectamus,

196 1024 302 1081 nullutb
322 1023 421 1080 librum
444 1023 489 1080 uel
510 1041 592 1080 manu
613 1024 746 1098 scriptum
769 1024 813 1080 uel
835 1025 987 1096 inpressum
1003 1022 1146 1078 latendum

197 1117 241 1165 est
255 1116 310 1166 tarn
321 1125 408 1183 prope
425 1109 456 1166 ad
471 1111 616 1183 genuinam
631 1111 801 1166 recensionis
816 1108 939 1182 uulgaris
954 1107 1147 1163 condicionem

198 1193 326 1250 accedere
342 1210 420 1268 quam
437 1191 569 1249 Aldinam.

260 1329 288 1383 ln
320 1325 482 1386 Octauia
517 1329 683 1385 recensenda
718 1333 829 1402 praeter
862 1327 1146 1400 Rehdigeranos,

197 1412 395 1475 Gothanos‚
424 1412 728 1469 vindobonensem
755 1412 788 1468 de
817 1411 916 1488 quibus
937 1429 1021 1485 supra
1042 1411 1146 1467 dictum

197 1503 255 1559 est,
271 1498 323 1554 hos
337 1498 406 1554 duos
422 1497 607 1554 adhibuimus:

163 1613 187 1671 0
268 1611 539 1690 Lugdunensis
561 1632 642 1673 xv1r1
663 1615 702 1672 16
723 1614 752 1669 Ε
776 1614 865 1688 quode
888 1614 912 1669 l.
934 1613 1006 1669 Geel.
1029 1612 1147 1688 catalog.

200 1716 268 1756 mss.
289 1699 364 1773 lugd.
385 1697 440 1758 bat.
459 1700 510 1756 No.
533 1699 595 1758 370
621 1701 689 1782 hacc
709 1698 793 1755 uerba
814 1698 891 1754 iacit:
921 1697 1026 1753 ‘Codex
1046 1698 1147 1770 partim

196 1783 432 1856 membranaceus,
455 1786 555 1857 partim
571 1785 729 1840 chartaceus
744 1799 799 1841 xiv
815 1801 880 1844 sec,
896 1780 956 1839 236
973 1779 1103 1838 loliorum
1119 1782 1147 1837 in

197 1867 280 1930 lolio,
301 1868 391 1923 literis
412 1868 564 1924 initialibus
579 1868 675 1941 pictis,
697 1868 783 1942 prima
798 1869 897 1941 pagina
918 1867 991 1922 uersi
1007 1864 1147 1922 coloribus

197 1959 225 2006 et
240 1951 376 2007 deauratis
392 1951 514 2008 ilosculis
537 1960 641 2008 ornata.
671 1953 700 2008 t.
713 1953 815 2008 Annaei
832 1952 950 2008 Senecae
966 1949 1144 2022 Tragoedias.

196 2034 384 2107 Subscriptio:
406 2034 522 2108 Explicit
537 2036 622 2092 Annei
638 2036 663 2091 d.
680 2035 783 2094 Senece
798 2036 983 2111 tragediarum
998 2032 1069 2093 liber
1083 2034 1146 2090 ieli-

197 2119 265 2175 citer
296 2120 415 2192 scriptus
444 2135 493 2193 per
519 2136 562 2175 me
583 2119 741 2176 michaelem
769 2121 802 2177 de
824 2120 943 2178 franchis
965 2119 997 2174 de
1026 2119 1146 2175 clauario

197 2204 369 2276 scriptorem.
387 2211 470 2276 atque
497 2203 614 2260 scribam
640 2203 792 2262 uenerabili
816 2206 877 2261 uiro
905 2205 1037 2276 magistro
1066 2202 1146 2259 Guill’
1251 2267 1252 2278 χ

197 2287 230 2342 de
252 2287 385 2344 monticlo
406 2296 472 2344 tunc
493 2291 594 2345 rectori
616 2289 750 2346 scolarum
771 2289 826 2346 loci
847 2288 993 2363 requinirii
1014 2289 1042 2344 in
1063 2287 1147 2361 pede·
1251 2281 1252 2304 ³

196 2370 351 2434 montibus,
382 2371 432 2428 sub
453 2388 524 2429 anno
546 2372 617 2428 mill⁰
634 2379 706 2431 ccc⁰
721 2391 762 2430 xn
782 2373 826 2429 die
845 2389 947 2431 xxvur
966 2375 1070 2428 mensis
1091 2375 1147 2428 Au·
1251 2357 1252 2382 ¹

199 2458 282 2528 gusti.
309 2455 380 2512 haus
396 2464 423 2512 et
438 2458 528 2532 gratia
543 2474 648 2514 summo
670 2467 698 2514 et
714 2457 847 2514 altissimo
862 2460 899 2514 sit
914 2459 1031 2513 creatori
1047 2465 1146 2513 nostro

198 2543 226 2597 in
246 2541 400 2597 seculorum
427 2542 528 2598 secula.
557 2559 643 2598 amen.
688 2543 854 2615 tragoediae
875 2542 929 2598 hoc
949 2541 1045 2598 ordine
1067 2549 1145 2596 sunt:

198 2623 329 2680 Hercules
345 2625 453 2689 furens,
470 2625 616 2700 Thyestes,
631 2627 812 2690 Phoenissae,
828 2626 998 2701 hippolitus,
1015 2623 1146 2698 Oedipus,

199 2707 333 2770 Troades,
355 2709 555 2781 Agamemnon,
579 2703 716 2776 Octauia,v
731 2711 861 2767 Hercules
883 2710 1009 2766 Oetaeus.
1056 2709 1148 2766 Codex

204 2800 344 2848 correctus
366 2801 409 2848 est
431 2810 485 2849 sec.
500 2810 638 2852 xv-xvt
660 2793 800 2868 abaliquo
816 2796 864 2868 qui
883 2798 910 2850 in
926 2794 980 2850 line
1000 2793 1149 2867 adscripsit

198 2875 325 2932 ‘correxi
340 2876 402 2933 bina
417 2877 477 2934 uice
493 2896 557 2934 -a
572 2881 707 2953 principio
722 2895 812 2952 usque
827 2880 860 2936 ad
875 2878 983 2935 linem'.
1013 2877 1070 2934 Hae
1085 2895 1148 2934 cor·

198 2963 335 3017 rectiones
348 2969 453 3018 tantum
465 2970 530 3018 sunt
544 2962 678 3026 lectiones
694 2980 725 3019 er
741 2961 794 3019 alio
808 2963 901 3020 codice
913 2963 1069 3036 decerptae,
1093 2962 1148 3018 Ad·

199 3047 268 3102 lecta
290 3054 355 3104 suut
369 3045 414 3103 hic
434 3046 490 3102 illic
506 3047 609 3104 scholia
624 3049 697 3110 inter
712 3064 811 3104 uersus
827 3056 854 3103 et
868 3047 1054 3121 marginibus,
1077 3063 1148 3120 quae

199 3139 252 3186 tam
275 3130 308 3187 ad
329 3147 373 3186 res
394 3130 593 3205 mythologicas
613 3135 752 3206 pertinent
768 3147 848 3206 quam
870 3132 901 3188 ad
918 3129 1065 3188 metrum'.
1104 3132 1148 3186 ‘ln

198 3217 284 3286 prima
305 3217 404 3291 pagiua
427 3217 499 3289 picta
520 3225 585 3272 suut
610 3233 685 3272 arma
705 3218 875 3290 possessoris
902 3215 1071 3288 abeodem,
1099 3216 1148 3288 qui

199 3298 304 3370 reliqua
324 3307 482 3357 ornamenta
503 3300 612 3356 addidit.
647 3300 703 3357 Sub
724 3302 765 3356 his
786 3303 869 3358 armis
890 3303 1029 3357 recentior
1049 3317 1148 3356 manus

199 3381 343 3456 adscripsit
369 3403 396 3444 n.
416 3390 477 3443 v11⁰
497 3400 573 3441 xxix
600 3384 627 3441 G.
648 3385 752 3441 Nutalls
778 3385 824 3442 uel
844 3385 943 3441 blitalis
969 3384 1019 3455 (an
1042 3384 1147 3441 Natalis

199 3461 333 3536 domest).
367 3468 397 3524 ln
412 3468 465 3525 fine
486 3479 550 3544 post
570 3469 798 3542 subscriptionem
819 3487 916 3527 manus
939 3470 1078 3536 recentior
1099 3469 1150 3524 ad·
