2550 3978
181 167 245 232 310
453 181 484 228 u.
509 180 645 227 auuaur
668 177 824 228 suuuoru

150 320 176 380 b'
382 319 468 380 Nune
482 317 603 380 Phoebe
619 319 701 378 mille
717 336 824 378 currus

335 403 416 464 nullo
433 411 568 464 morante
584 401 659 462 loro.

335 507 394 549 nox
409 487 517 548 condat
532 487 609 548 alma
624 485 735 558 lucem,

334 582 449 651 mergat
465 573 542 633 diem
557 572 722 633 timendum

335 657 392 718 dur
408 659 503 718 noctis
519 657 679 734 Hesperus.

243 922 403 972 uvumvs.
428 921 575 971 cuorus.
597 923 740 970 uvuarx.
764 923 895 970 usura.
920 883 1035 971 lusor.

147 1107 165 1140 a
224 1094 328 1141 uvur.
352 1080 472 1140 Periere
489 1087 604 1140 eunola.
629 1079 766 1140 'oouoidil
781 1081 868 1156 regui
883 1087 983 1140 stolus.

182 1171 268 1243 gnata
285 1171 372 1242 atque
388 1165 503 1242 genitor
519 1167 620 1226 cinere
635 1165 780 1241 permixto
795 1165 901 1226 iacent.

182 1260 262 1310 OHO.
286 1267 344 1328 qua
360 1248 464 1308 fraude
480 1248 575 1326 capii?
595 1319 597 1323 ,

181 1347 286 1395 Nvur.
568 1341 570 1345 '
608 1353 664 1412 qua
681 1333 777 1394 solent
791 1350 879 1410 reges
893 1335 974 1413 oapi:

183 1418 276 1478 donis.

181 1515 262 1563 0110.
328 1499 432 1560 inillis
448 1519 512 1561 esse
528 1503 593 1579 quis
609 1503 704 1579 poluit
720 1501 822 1562 dolus?

180 1601 284 1646 NVNT.
309 1587 416 1664 etipse
432 1586 524 1645 miror
544 1587 653 1664 uixque
668 1587 726 1646 iam
742 1586 820 1646 laeto
837 1585 914 1646 malo

181 1673 313 1748 potuisse
328 1669 393 1730 fieri
408 1670 507 1731 oredo.

182 1767 261 1816 0110.
555 1757 620 1835 quis
635 1753 726 1816 eladis
742 1756 865 1816 modus?

147 1838 174 1897 a'
226 1852 332 1898 uvuu.
356 1839 468 1899 Auidus
485 1857 539 1916 per
555 1835 674 1899 omnem
690 1840 789 1916 regiae
805 1848 920 1918 partem
937 1839 1008 1900 lurit

95 1963 98 1969 ·
181 1934 214 1987 ut
229 1925 325 1984 iussus
341 1924 431 2002 iguis:
448 1925 507 1984 iam
523 1923 629 1984 domus
644 1931 704 1984 tola
720 1924 843 1994 occidit,

181 2007 250 2068 urbi
264 2009 394 2068 timetur.

182 2105 263 2154 0110.
431 2091 510 2152 unda
525 2092 659 2154 llammas
674 2095 830 2171 opprimat.

181 2192 286 2238 uvur.
312 2185 339 2236 et
354 2176 412 2238 hoc
426 2178 457 2236 in
472 2178 528 2237 isla
544 2176 627 2237 clade
642 2177 809 2240 mirandum
825 2179 946 2264 accidit:

183 2262 234 2323 alit
248 2262 328 2322 unda
343 2260 477 2322 llarnmas
492 2280 611 2340 quoque
625 2262 802 2340 prohibetur
817 2263 924 2340 magis,

181 2347 274 2424 magis
290 2345 375 2406 ardet
389 2347 480 2424 ignis,
497 2347 561 2424 ipsa
577 2347 723 2424 praesidia
739 2355 874 2423 oooupat.

147 2439 165 2490 b
226 2445 328 2492 rivulo.
354 2431 434 2492 Effer
450 2431 570 2491 citatum
587 2431 656 2492 sede
673 2430 797 2509 pelopea
812 2431 936 2508 gradum

183 2515 294 2581 Medea.
326 2532 469 2592 praeceps
485 2515 632 2592 quaslibet
649 2527 744 2578 terras
759 2523 837 2594 pete.

150 2598 176 2659 b'
230 2612 315 2660 Mul).
340 2599 442 2676 Egone
457 2606 490 2659 ul
504 2600 660 2660 recedam?
684 2603 709 2660 si
724 2599 921 2678 profugissem
937 2601 1034 2679 prius:

131 2687 134 2693 '
181 2683 218 2744 ad
233 2684 291 2754 hoc
306 2683 445 2744 redirem.
477 2686 595 2762 nuptias
610 2691 711 2764 specle
727 2703 830 2745 nouas.

148 2792 164 2825 e
227 2768 302 2840 Quid
319 2769 416 2828 anime
433 2771 576 2830 cessas?
599 2786 726 2846 sequere
742 2768 858 2830 felicem
875 2770 1047 2848 impetum

181 2870 250 2931 pars
265 2852 421 2913 ultionis
437 2853 489 2912 iste
507 2871 564 2933 qua
580 2853 691 2928 gaudes
707 2863 796 2932 quola
813 2855 875 2914 esti

180 2955 262 2998 amas
278 2936 374 2997 adhue
389 2936 499 3010 luriosa
516 2939 540 2998 si
556 2939 626 2998 salis
641 2945 685 3000 est
700 2938 753 3000 tibi

249 3192 299 3244 886
312 3192 444 3256 hesperus
454 3207 475 3240 ω
487 3190 643 3256 hesperugo
653 3193 692 3242 ed.
698 3189 911 3259 Lugdunensislll
925 3189 1099 3241 NVNTIVS·

179 3258 327 3310 CHORVS
346 3283 353 3298 ·
371 3259 502 3308 MEDEA
521 3282 528 3297 ·
548 3258 658 3311 IASON
675 3259 701 3308 Ε
729 3258 910 3312 NVNOIVS·
932 3257 1099 3309 OHORVS·

180 3327 322 3380 urumx
333 3351 339 3365 ·
350 3325 621 3377 MEDEA·1ASON
633 3327 658 3376 Α
675 3323 686 3392 p
703 3327 754 3378 suo
770 3326 854 3377 ono,
871 3327 950 3380 donis
964 3327 993 3376 in
1005 3325 1063 3376 aurs
1075 3329 1102 3377 u

180 3395 277 3444 Donis.
298 3393 382 3446 CHO.
403 3393 507 3460 inillis
525 3395 550 3444 Α
580 3391 592 3460 ΙΙ
620 3396 671 3445 894
689 3395 835 3448 inmissus
853 3396 886 3448 οἱ.
907 3397 986 3448 oron.
1009 3389 1021 3460 ΙΙ
1050 3395 1102 3447 899

178 3461 287 3512 NVTR.
305 3462 330 3510 A
349 3478 396 3514 om.
415 3457 462 3528 Eli
475 3457 605 3528 pelopeia
624 3463 647 3512 Α
667 3463 785 3528 pelopea
804 3462 829 3511 Ε
852 3459 864 3529 ΙΙ
