2490 3984
426 144 608 193 uuucvuus
626 131 815 212 [cursuve]
1018 129 1081 194 379

163 285 211 344 hic
227 285 327 345 uincet
344 285 470 345 animus.
501 291 585 361 capta
602 285 762 362 praeripiet
777 283 876 344 torosi
1098 295 1148 345 290

163 369 258 429 adhuc
273 367 414 430 timebam
430 375 579 437 monstra,
596 369 652 428 iarn
669 367 781 429 nullum
798 375 842 428 est
857 365 977 429 malum.

163 471 281 514 cessere
296 460 408 531 pesteS,
423 455 455 535 'iu
471 452 570 514 locum
586 454 668 513 uenit
683 453 764 523 ierac

162 539 255 599 inuisa
270 537 384 615 paelex.
416 555 529 598 summe
545 554 601 616 pre
615 544 716 598 rector
731 539 818 598 deum

163 629 191 683 et
207 621 286 683 clare
301 621 388 683 Titan
403 621 539 684 Herculis
554 629 667 682 tantum
684 621 728 681 lui
1048 637 1065 668 ⁴

162 708 291 767 coniunx
306 707 445 768 timentis,
477 714 544 766 uota
561 723 638 783 quae
652 707 770 784 superis
785 704 852 774 tuli,
1097 717 1146 766 295

161 809 279 853 cessere
290 799 411 869 captae,
425 790 533 870 paelici
549 790 618 852 ielis
634 790 684 852 lui.
791 821 794 826 ·

77 950 80 955 ,
161 875 203 936 illi
220 893 300 936 meas
317 874 438 936 audistis
454 892 471 935 ο
487 877 587 953 superi
602 893 717 959 preces.

118 1005 124 1020 .
160 959 315 1020 incolumis
330 959 372 1020 illi
387 967 510 1021 remeat.
541 959 653 1020 ouulla
670 960 754 1020 dolor

163 1052 301 1106 contente
317 1063 412 1124 poena
429 1062 539 1122 quaere
555 1043 700 1123 supplicia
715 1043 836 1104 horrida

159 1129 316 1206 incogitata
332 1129 464 1190 infanda.
495 1130 638 1190 lunonem
655 1129 728 1191 dece

157 1213 228 1290 quid
246 1214 311 1274 odia
327 1213 461 1276 ualeant:
485 1215 579 1275 nescit
593 1215 682 1274 irasci
697 1214 776 1274 satis.

158 1315 214 1375 pru
231 1316 278 1359 me
293 1297 420 1374 gerebas
435 1296 528 1366 bella,
545 1305 669 1373 prepter
684 1315 732 1355 me
748 1314 838 1373 uagas

160 1381 306 1440 Achelous
321 1381 415 1439 undas
430 1381 574 1456 sauguine
589 1381 691 1440 iniecit
707 1397 776 1449 suc,

157 1480 227 1523 cum
244 1462 321 1523 lenta
337 1480 462 1540 serpeus
477 1463 576 1532 fieret,
594 1465 623 1522 iu
641 1472 758 1524 taurum
775 1473 890 1525 trucem

160 1564 240 1607 nuuc
255 1545 388 1608 flecteret
403 1554 542 1625 serpente
558 1547 690 1625 deposita
706 1549 816 1616 minae,

156 1638 191 1692 ut
207 1629 287 1692 mille
303 1632 332 1690 iu
348 1631 432 1691 hoste
447 1631 584 1692 uinceres
599 1649 658 1690 unc
676 1631 764 1692 ieras.

158 1717 217 1776 iam
234 1713 437 1798 displicemus
455 1724 540 1794 capta
555 1715 685 1792 praelata
701 1723 745 1776 est
761 1716 842 1777 milri.

159 1816 219 1859 non
234 1799 435 1879 praeferetur:
460 1802 510 1878 qui
526 1799 588 1860 dies
603 1799 723 1861 thalami
739 1799 859 1862 ultimus

156 1887 251 1946 nostri
268 1892 312 1944 est
326 1884 457 1955 iuturus,
475 1885 523 1944 hic
539 1886 595 1945 erit
610 1886 688 1944 uitae
703 1892 779 1946 tuae.

154 1969 227 2048 quid
243 1969 319 2029 hcc?
342 1969 456 2030 recedit
470 1969 585 2030 enimus
602 1977 630 2029 et
643 1971 728 2052 pouit
743 1971 852 2040 minas,

153 2055 214 2113 iam
231 2062 330 2114 cessat
343 2055 397 2114 ira.
428 2053 498 2133 quid
516 2055 606 2114 miser
620 2052 743 2130 langues
760 2053 863 2114 dclcr‘l

155 2138 256 2218 perdis
271 2140 424 2208 iurarem,
441 2139 574 2216 coniugis
589 2139 695 2199 tacitae
710 2139 799 2200 fidem

154 2222 227 2282 mihi
242 2222 342 2283 reddis
357 2225 476 2284 iterum.
508 2223 578 2302 quid
594 2230 677 2284 uetes
692 2223 826 2284 flammas
841 2223 898 2284 ali?

151 2307 225 2386 quid
242 2307 353 2385 lraugis
367 2309 469 2385 ignes?
493 2308 572 2368 huuc
588 2308 660 2369 mihi
675 2327 762 2370 serua
778 2310 930 2388 impetum.
953 2339 996 2358 -ι-

153 2408 243 2468 pares
258 2409 389 2461 eramus,
406 2409 466 2452 nou
483 2399 546 2452 eret
562 2394 639 2452 uotis
654 2411 739 2471 opus.

154 2475 250 2535 aderit
265 2493 394 2536 nouerca
411 2494 486 2556 quae
502 2494 608 2538 manus
623 2485 740 2538 nostras
756 2485 842 2556 regat

154 2577 211 2619 uec
226 2561 371 2622 inuocata.

152 2657 258 2704 uvru.
413 2645 490 2724 quud
507 2663 594 2723 paras
610 2647 731 2708 demens
747 2645 861 2707 scelus?

64 2741 70 2750 ·
155 2729 284 2806 perimes
299 2731 438 2790 maritum
454 2733 537 2791 cuius
554 2738 703 2792 extremus
719 2731 782 2792 dies

153 2814 328 2892 primusque
344 2811 446 2874 laudes
462 2816 545 2876 ucuit
560 2823 589 2876 ct
605 2815 685 2876 caelo
702 2823 787 2876 tenus

151 2905 252 2958 crecta
270 2905 364 2958 terras
380 2897 455 2960 lama
472 2899 762 2979 suppositashabetl

219 3153 269 3203 293
287 3156 430 3218 protector
448 3170 469 3204 ω
487 3154 559 3218 proh
577 3159 673 3205 rector
690 3156 805 3218 Lipsius.
830 3151 843 3220 [l
865 3156 914 3206 306
931 3155 969 3204 Et
987 3172 1009 3205 ω
1027 3155 1070 3204 Vt

147 3223 252 3285 scripsi.
281 3217 293 3286 ΙΙ
322 3219 372 3272 308
395 3222 564 3286 perferetur
585 3222 635 3274 Bo.
665 3219 676 3289 Η
706 3225 756 3273 310
778 3221 883 3273 recedit
905 3240 927 3273 ω
956 3223 1070 3273 resedit

157 3287 368 3339 Wuestemcnnue
379 3285 391 3356 ll
403 3291 451 3340 311
465 3291 551 3344 cessit
564 3291 604 3342 εΑ
623 3291 742 3341 cecidit
758 3293 800 3340 uel
817 3294 920 3341 cessat
932 3291 1049 3342 lortiuue
1062 3287 1070 3358 ll

150 3356 201 3406 312
219 3357 324 3406 tacitae
343 3356 368 3406 E
386 3362 504 3408 sunctae
524 3359 549 3410 A
571 3356 582 3424 1]
604 3360 766 3423 empetros
785 3357 810 3406 E
832 3373 913 3422 peres
932 3360 957 3409 Α
981 3355 993 3425 ΙΙ
1018 3360 1071 3409 ert

150 3436 211 3472 mus
228 3423 254 3470 E
265 3425 363 3475 131011
383 3441 491 3477 eremus
510 3427 535 3475 A
548 3423 559 3492 ll
573 3427 626 3476 erit
644 3428 684 3476 εΑ
703 3430 764 3477 erat
782 3425 866 3476 RBo.
889 3423 901 3491 ll
