2550 3978
525 198 687 248 neolone
995 184 1066 258 259

147 356 271 417 magnus
287 339 342 400 sibi
357 340 421 418 lpse
437 356 496 399 non
512 339 582 400 lacit
597 339 685 399 finem
702 337 816 400 dolor.

146 438 251 485 suun.
276 423 447 486 lacrimis
462 423 543 485 Vlixe
554 441 647 502 parua
661 441 748 501 quam
759 425 886 503 petimus
898 443 995 486 mora
1009 433 1061 487 est.

148 511 293 580 concede,
311 527 419 588 opacos
435 517 466 569 ut
482 527 548 571 mea
563 509 689 570 condam
706 525 796 570 manu

146 595 272 656 uiuentis
288 594 399 656 oculos.
418 628 454 638 -

113 689 130 738 b
484 677 600 740 Occidis
615 695 725 756 paruus
741 677 860 755 quidem

146 765 196 825 sed
213 766 271 825 iam
287 763 443 826 timendus.
475 762 835 841 'l'roialecxpeclnttua
1079 773 1130 825 800

146 849 155 906 i
170 849 245 910 uade
260 848 349 919 liber,
368 848 477 909 liberos
492 847 586 909 Troas
601 848 678 909 uide.
695 882 737 891 —-

146 936 287 996 miserere
305 942 409 995 mater.
425 969 468 978 —
484 933 553 1012 quid
569 950 651 992 meos
667 933 777 994 retines
793 934 874 994 sinus

146 1037 308 1098 manusque
323 1019 444 1079 matris?
468 1035 550 1078 cassa
565 1017 712 1096 praesidia
727 1035 864 1095 occupas,

112 1103 138 1162 b'
189 1104 321 1165 Fremitu
337 1102 432 1164 leonis
447 1101 541 1182 qualis
557 1103 655 1164 audito
671 1111 757 1164 tener

146 1189 279 1250 timidum
294 1189 437 1249 iuuencos
452 1187 578 1266 applicat
593 1189 681 1247 matri
696 1186 786 1256 latus,
1079 1196 1129 1248 805

146 1272 237 1334 atille
253 1290 361 1334 saeuus
376 1278 470 1332 matre
486 1278 631 1332 summota
647 1272 712 1340 loco

144 1358 284 1435 praedam
301 1356 446 1419 minorem
464 1357 611 1418 morsibus
627 1359 717 1418 uastis
733 1365 836 1417 tenens

145 1443 255 1520 frangit
270 1443 424 1521 uehitqne:
449 1440 514 1502 talis
530 1461 545 1502 e
563 1449 665 1504 nostro
680 1444 747 1503 sinu

144 1535 171 1587 te
187 1529 284 1605 rapiet
299 1527 401 1588 hostis.

112 1636 128 1669 a
433 1610 565 1671 Oscula
583 1617 612 1670 et
626 1609 742 1670 iletns
758 1628 832 1688 puer

144 1696 316 1777 lacerosque
331 1697 456 1756 crines
472 1697 576 1774 excipe
592 1702 621 1756 et
635 1693 741 1772 plenus
757 1697 814 1757 mei

143 1800 269 1843 occurre
284 1781 392 1860 patri.
423 1798 517 1858 pauca
532 1787 683 1840 maternae
697 1787 796 1840 tamen

143 1867 244 1944 perier
260 1864 399 1944 querelae
415 1865 522 1926 uerba:
547 1865 572 1925 si
587 1881 689 1924 manes
703 1863 814 1925 liabent

143 1969 231 2012 curas
246 1950 361 2028 priores
376 1967 431 2010 nec
447 1951 524 2028 perit
538 1949 664 2010 flammis
680 1967 778 2018 antor,

142 2038 259 2096 seruire
275 2036 357 2110 graio
374 2035 484 2113 pateris
498 2033 726 2097 Andromachen
743 2035 808 2095 uiro

142 2118 272 2181 crudelis
288 2119 415 2180 Hectori
438 2119 535 2180 lentus
550 2127 580 2180 et
594 2119 692 2196 segnis
707 2120 795 2180 iaces.
951 2171 957 2186 ,
1077 2127 1127 2179 815

110 2205 134 2264 a'
185 2204 284 2266 Rediit
298 2201 435 2264 Achilles.
466 2221 550 2265 sume
565 2222 645 2263 nunc
660 2205 768 2265 iterum
784 2222 905 2266 comas

142 2296 171 2350 et
185 2307 270 2350 sume
285 2286 458 2349 lacrimas
475 2287 636 2369 [quiequid
649 2306 665 2348 e
679 2292 789 2350 misero
803 2293 867 2350 utri

139 2375 253 2447 sunere
267 2375 403 2435 relictum
419 2371 476 2453 eat]
493 2391 577 2434 sume
593 2391 669 2452 quae
684 2372 791 2432 reddas
806 2379 857 2432 tuo

141 2457 268 2518 oscula
285 2459 442 2536 parenti.
474 2459 575 2518 matris
593 2457 669 2518 hanc
684 2455 824 2518 solacium

142 2542 275 2622 relinque
292 2552 420 2603 uestem:
443 2540 574 2604 tumulus
589 2543 666 2602 hanc
681 2541 778 2618 tetigit
793 2558 878 2601 meus
1075 2549 1127 2601 820

136 2626 301 2707 'manesque
317 2628 388 2688 cari.
419 2627 514 2706 siquid
531 2628 578 2687 hic
594 2627 701 2687 cineris
717 2624 800 2695 latet,

139 2815 229 2822 -σω
234 2816 341 2822 ,νῦ

207 2932 256 2982 796
274 2931 334 2995 ipse
353 2945 366 2982 ε
385 2931 439 2996 ipsi
458 2931 482 2980 A
501 2927 580 2997 >1798
598 2945 702 2996 peuces
720 2931 746 2980 E
769 2945 870 2996 paruos
890 2931 914 2979 A
933 2931 1057 2996 patrio·

139 2998 187 3049 Bo.
201 3002 297 3064 scripsi
309 3014 425 3064 opacos
438 2995 511 3065 3180‘2
524 2998 599 3050 AST.
611 3000 744 3050 Miserere
755 3003 843 3048 mater
854 2998 937 3051 AND.
951 2999 1023 3059 Quid
1036 3015 1058 3049 ω

138 3065 213 3116 AST.
234 3074 259 3116 et
278 3067 361 3118 AND.
381 3069 476 3118 deleuit
495 3067 547 3120 GR.
572 3063 584 3134 ll
613 3066 980 3118 8061e0rolocnltNHs.
1000 3070 1056 3118 coll.

139 3134 209 3187 Med.
235 3137 285 3184 927
308 3134 438 3186 discessit
462 3133 532 3188 loco.
560 3131 574 3198 ΙΙ
602 3137 651 3187 807
676 3149 803 3200 premens
826 3135 850 3183 A
880 3137 979 3183 tenens
997 3133 1022 3182 E
1043 3135 1055 3197 ll

138 3204 187 3252 809
205 3203 298 3268 pariet
316 3203 341 3252 E
364 3199 376 3268 ss
399 3204 448 3254 814
466 3203 525 3253 niro
544 3203 593 3267 Εψ
612 3204 676 3268 iugo
693 3199 742 3269 dall
753 3204 802 3252 817
818 3199 952 3265 quicquid
973 3217 987 3250 e
1007 3203 1056 3250 mi·

138 3284 198 3320 sero
217 3271 272 3320 uiri
294 3273 320 3320 in
337 3285 391 3322 ras.
410 3278 549 3322 atramento
567 3287 600 3331 m.
618 3287 668 3322 sec.
692 3274 740 3322 aed
758 3269 872 3319 ductibus
888 3285 919 3320 m.
935 3285 978 3332 pr.
997 3268 1022 3317 E
1042 3269 1055 3334 Η

138 3337 206 3387 817¹>
230 3340 410 3390 morderent.
440 3335 452 3405 Η
480 3340 530 3390 819
553 3339 655 3389 solatio
674 3339 714 3390 εΑ
745 3337 878 3387 solacium
896 3337 920 3386 R
954 3337 1056 3387 solatia

138 3405 213 3456 NHs.
238 3403 249 3470 ΙΙ
273 3407 321 3456 821
342 3405 430 3472 alquid
450 3407 474 3455 E
493 3405 625 3470 quidquid
645 3409 668 3456 A
694 3404 706 3474 ll

227 3509 229 3513 ν
689 3541 695 3549 x
788 3489 851 3552 rra·
