2516 3998
414 1111 738 1198 Pnnnrnrro
829 1073 831 1078 ’

163 1453 276 1525 Decem
289 1465 406 1529 illarum.
423 1468 482 1524 siue
496 1467 620 1524 undecim
633 1464 722 1522 dicere
734 1469 831 1530 mauis,
849 1470 1051 1544 tragoediarum

99 1568 161 1607 cum
177 1552 207 1607 L.
223 1553 325 1607 Annaei
342 1551 459 1608 Senecae
481 1554 591 1608 nomine
612 1550 645 1606 ab
666 1551 863 1624 antiquissimis
880 1555 1050 1628 temporibus

97 1639 307 1692 coniunctarum
330 1635 472 1710 duplex
494 1646 537 1692 est
558 1635 679 1692 inlibris
697 1652 777 1691 manu
796 1640 905 1712 scriptis
920 1639 1050 1696 textus

96 1717 293 1791 recensio,
316 1711 401 1776 altera
426 1713 490 1796 [E]
514 1721 697 1780 emendatior,
725 1720 845 1776 deterior
865 1721 949 1776 altera
973 1717 1049 1798 [A]

98 1815 218 1878 utraque
231 1805 325 1878 primis
340 1806 422 1860 liuius
439 1805 535 1860 aetatis
548 1801 665 1860 saeculis
682 1803 804 1859 oriunda.
828 1805 868 1860 Ad
884 1805 957 1860 illam
973 1823 1050 1880 prac-

98 1898 319 1963 terexcerpta
336 1889 472 1946 codicis
486 1888 628 1946 thuanci
642 1889 1049 1962 unuspertinetcodenlitru-

97 1992 180 2031 scus
211 1976 269 2030 siue
295 1973 528 2030 Florentinus
556 1974 741 2029 laurentianae
768 1973 950 2032 bibliothecae
980 1976 1049 2050 plut.

95 2057 224 2121 xxxvii,
243 2058 296 2120 13,
319 2059 400 2114 huius
425 2059 619 2131 -uolgarem
641 2058 758 2114 dicimus
777 2089 812 2098 -
836 2067 864 2116 et
885 2060 972 2116 lolia
994 2079 1048 2116 re-

96 2145 194 2217 scrip
207 2152 238 2199 ta
254 2151 318 2200 sunt
330 2162 344 2200 a
355 2143 495 2200 Friderico
508 2142 656 2200 liitschelio
673 2145 745 2198 iuter
761 2143 947 2200 ambrosianas
959 2145 1049 2201 Plauti

95 2228 269 2284 membranas
290 2236 397 2303 reperta
419 2235 446 2284 et
469 2227 531 2284 alii
553 2236 730 2302 quotquot
749 2238 795 2284 aut
811 2230 862 2303 ipsi
879 2228 1047 2304 inspeximus

95 2321 144 2370 aut
166 2312 198 2369 ab
220 2311 280 2370 aliis
304 2313 444 2387 inspectos
466 2315 568 2370 scimus
582 2312 692 2370 saeculi
714 2312 758 2368 uel
778 2329 852 2370 x1111
875 2314 918 2370 uel
941 2331 983 2372 xv
1004 2314 1048 2370 uel

94 2415 150 2456 xvi
167 2398 224 2453 iere
241 2391 378 2469 omnes*).

160 2482 277 2537 Prorsus
294 2482 401 2539 diuersa
418 2498 479 2538 esse
499 2483 618 2538 intense
634 2482 688 2537 duo
705 2499 774 2555 quae.
790 2482 907 2537 diximus
923 2482 1047 2538 codicum

95 2582 257 2642 generares
277 2575 319 2621 est
334 2565 515 2640 apertissima.
552 2565 616 2620 Nam
634 2573 665 2620 ut
680 2565 712 2620 de
729 2565 840 2621 Octauia
857 2573 992 2622 taceamus
1014 2567 1047 2622 ab

18 2719 20 2724 ι
95 2653 123 2706 E
143 2650 246 2712 aliena,
273 2667 334 2706 cum
356 2647 483 2707 omnihus
505 2648 566 2706 aliis
582 2649 659 2706 libris
681 2649 818 2724 adscripta
840 2653 890 2714 sit,
919 2651 951 2707 de
972 2651 1047 2708 lacu-

18 2729 20 2736 ’
95 2733 196 2807 ηἰε**)
219 2734 379 2809 quibusdam
401 2735 573 2810 gravioribus
597 2733 696 2808 quihus
720 2735 750 2790 E
770 2735 866 2792 allecta
887 2743 930 2792 est
950 2736 996 2792 ubi
1018 2738 1046 2792 iu

94 2820 173 2877 libris
191 2821 216 2874 A
237 2821 406 2876 recensionis
428 2823 535 2894 integer
550 2819 662 2876 relictus
687 2827 729 2876 est
744 2822 879 2878 sermonis
901 2828 1047 2878 contentus

163 3019 189 3083 ³¹⁶)
203 3019 340 3070 Recensio
353 3019 378 3068 A
392 3034 453 3068 cum
465 3018 632 3083 aliquotiens
645 3019 719 3083 typis
733 3022 807 3068 esset
820 3017 976 3083 descripta,
989 3019 1043 3084 pri-

92 3103 165 3138 mum
184 3088 220 3138 ab
233 3088 269 3136 Η.
284 3086 404 3137 Auantio
417 3086 566 3136 secundum
579 3087 729 3137 seuerioris
743 3089 814 3136 artis
829 3086 908 3152 leges
922 3087 1046 3151 expolita

96 3157 136 3218 (in
150 3153 213 3205 aed.
226 3153 289 3204 Aldi
303 3171 327 3204 a.
341 3153 456 3220 unxvn]
475 3156 592 3204 omnium
611 3155 743 3219 deinceps
756 3155 891 3204 editorum
908 3169 994 3218 usque
1009 3155 1044 3202 ad

91 3225 144 3274 hoc
157 3227 266 3287 tempus
281 3222 478 3287 exemplarium
492 3222 699 3272 fundamentum
713 3226 780 3272 erat.
810 3223 920 3272 Etenim
933 3236 967 3270 ne
980 3226 1044 3286 post

90 3291 269 3341 florentinum
287 3291 397 3355 quidem
414 3295 552 3355 repertum
571 3292 716 3354 quisquam
735 3291 870 3340 editorum
889 3305 906 3338 a
919 3304 948 3338 sa
966 3288 1043 3353 inpe-

91 3365 167 3410 trare
180 3360 286 3423 potuit‚
299 3364 328 3408 ut
341 3363 446 3408 textum
459 3358 666 3424 tragoediarum
681 3357 715 3406 ad
727 3357 967 3423 praestantissimi
979 3357 1045 3406 libri

92 3442 218 3478 normam
229 3427 278 3476 uia
291 3441 324 3476 ac
337 3427 446 3476 rationo
462 3428 653 3478 constitueret.

158 3493 200 3559 ⁸⁸)
217 3495 255 3546 cf.
274 3495 327 3544 Hrr
346 3492 502 3560 (signorum
521 3498 699 3560 conspectum
716 3509 741 3544 u.
760 3509 785 3563 p.
805 3491 871 3559 503)
890 3493 1042 3545 tro—442.

798 3647 837 3705 a*
