2526 3986
378 228 796 278 Pncnnrssnnvnunnsn.
1005 218 1066 282 129

145 373 265 433 iortuna
283 369 353 432 belli
367 386 485 448 sernper
501 369 620 447 ancipiti
636 369 666 429 in
682 367 748 429 loco
764 378 815 430 est.

144 457 355 538 ‹rucdcumque
370 455 448 514 Mars
463 453 610 513 decernit:
627 462 770 533 exaequat
785 455 859 516 dues

144 541 215 602 licet
229 543 348 619 inpares
363 539 421 608 sint
435 536 551 614 gladius
567 544 596 598 et
610 555 678 616 spes
694 546 723 598 et
738 545 834 600 metus

68 699 72 704 .
130 627 213 701 fors
229 643 316 686 caeca
334 631 442 684 uersat.
474 623 639 700 praerniunr
655 624 801 684 incertunr
818 625 901 703 petis.

145 717 260 772 certum
278 707 384 770 scelus.

108 805 128 854 k
422 792 543 853 Fauisse
559 792 605 852 iac
620 792 696 852 uctis
711 792 783 853 deos

144 896 249 940 ornnes
263 879 336 938 tuis:
354 894 470 938 cessere
486 883 515 936 et
531 877 628 937 auersi
644 875 742 955 lugam

142 965 258 1042 petiere
274 964 364 1032 ciues,
381 961 463 1022 clade
479 961 593 1022 funesta
609 963 709 1022 iacens

145 1047 259 1109 obtexit
274 1064 362 1123 agrcs
377 1045 470 1106 miles.
501 1045 614 1106 exultes
628 1045 697 1106 licet

143 1134 299 1211 uictorque
315 1130 414 1192 iratris
430 1128 523 1209 spolia
539 1130 646 1191 deiecti
662 1147 763 1209 geres:

141 1216 308 1296 plangenda
324 1214 420 1295 palma
438 1221 492 1276 est.

100 1302 130 1360 k'
283 1305 285 1309 ’
521 1297 614 1371 Quale
631 1306 661 1359 tu
675 1299 734 1359 hcc
749 1298 859 1361 bellurn
875 1310 970 1380 putas,

143 1387 173 1446 in
190 1403 252 1467 quc
264 1384 464 1446 execrandum
480 1384 576 1444 uictor
591 1384 720 1445 admittit
734 1386 817 1445 nelas

143 1471 168 1531 si
185 1470 312 1546 gaudet?
335 1469 415 1530 hunc
431 1486 519 1547 quern
536 1470 657 1529 uincere
673 1467 773 1529 infelix
790 1471 873 1548 cupis

145 1573 213 1615 curn
231 1555 348 1624 ulceris,
365 1552 489 1631 lugebis.
521 1553 664 1613 inlaustas
680 1569 734 1631 age

142 1639 256 1700 dimitte
270 1651 394 1716 pugnas,
411 1637 505 1698 libera
520 1638 645 1716 patriam
661 1646 751 1704 metu,

141 1723 224 1784 luctu
239 1729 387 1802 parentes.

103 1817 125 1866 k
186 1821 264 1868 Pon.
419 1806 546 1867 Sceleris
562 1812 591 1867 et
606 1805 717 1866 fraudis
732 1823 801 1866 suae

89 1923 93 1928 -
141 1909 252 1971 poenas
268 1891 413 1952 nefandus
429 1891 521 1951 irater
537 1902 568 1952 ut
583 1889 678 1951 nullas
693 1891 787 1950 ierat?

141 1989 210 2037 roc.
235 1996 272 2038 ne
288 1986 400 2037 metue:
422 1993 577 2054 peenas,
595 1983 623 2036 ct
639 1975 757 2054 quidern
773 1973 869 2036 scluet
884 1995 1012 2056 graues:
1110 1999 1161 2046 645

141 2062 288 2138 regnabit.
320 2069 364 2122 est
378 2061 453 2121 haec
468 2078 598 2138 poena.
630 2061 655 2119 si
671 2059 797 2132 dubitas,
815 2079 870 2121 auc

140 2148 277 2224 patrique
294 2145 392 2215 crede,
410 2144 536 2206 Cadmus
552 2145 608 2205 hcc
624 2145 702 2205 dicet
715 2145 770 2205 tibi
1077 2166 1128 2216 285

140 2231 304 2309 Cadmique
319 2228 429 2308 proles.
640 2287 645 2294 ,

94 2316 126 2374 k'
468 2314 591 2392 Sceptra
607 2313 750 2374 Thebano
766 2314 820 2376 luit

139 2402 283 2479 inpune
297 2397 368 2459 nulli
383 2416 503 2475 gerere,
521 2415 576 2459 nec
591 2401 748 2478 quisquam
764 2398 821 2458 fide
1112 2421 1162 2468 650

138 2491 227 2564 rupta
243 2483 355 2544 tenebit
371 2483 427 2544 illa.
458 2485 516 2543 iarn
529 2499 669 2544 numeres
684 2482 752 2543 licet
898 2489 902 2494 '

139 2569 262 2629 iratrenr
273 2570 356 2634 inter
372 2569 451 2628 istos.

138 2655 207 2714 Ete.
488 2660 634 2726 numeret,
653 2659 696 2711 est
710 2653 785 2711 tanti
800 2651 872 2712 milri
1077 2673 1127 2722 290

138 2756 207 2798 curn
223 2735 346 2814 regibus
361 2737 468 2797 iacere.
500 2745 531 2798 te
547 2735 651 2796 turbae
668 2735 785 2797 exulum

138 2820 267 2884 ascribe.
301 2823 303 2828 '

206 2990 257 3040 267
276 2993 440 3040 tormenta
457 2989 526 3040 belli
543 2991 574 3040 ci.
594 2989 676 3041 Swob.
701 2987 712 3055 [1
736 2991 785 3042 269
804 2990 897 3056 gladio
916 2991 941 3041 E
969 2989 982 3058 ΙΙ
1009 2994 1059 3042 270

137 3072 199 3109 sors
218 3074 239 3107 ω
258 3058 320 3107 fors
338 3058 415 3108 NHc.
434 3058 468 3121 ef.
486 3059 566 3122 Vere.
580 3061 625 3108 ecl.
639 3058 684 3107 IX
694 3063 711 3108 5
734 3055 746 3124 ΙΙ
774 3059 845 3122 petit
863 3060 889 3109 A
907 3061 980 3124 petis
1000 3056 1068 3126 crull

136 3127 188 3176 276
201 3125 358 3189 frangenda
370 3126 395 3175 A
414 3125 573 3190 plangenda
591 3125 616 3175 E
629 3134 646 3176 t.
660 3126 734 3177 LGr.
753 3123 765 3192 Η
782 3125 810 3176 id
822 3128 847 3176 A
866 3127 918 3176 hoe
931 3126 956 3176 E
973 3123 986 3193 Η
1008 3129 1058 3178 281

136 3193 218 3244 uerba
236 3192 360 3242 luctu-
372 3191 487 3243 sceleris
505 3197 533 3242 e't
550 3210 596 3245 om.
615 3193 641 3242 Ε
672 3190 675 3260 l
698 3195 749 3244 284
771 3194 842 3244 haec
866 3200 908 3244 est
930 3210 1021 3258 poene
1041 3212 1059 3245 ce

136 3261 190 3310 hec
207 3276 282 3325 pene
301 3266 345 3311 est
362 3261 386 3311 R
404 3265 447 3310 est
459 3261 530 3310 haec
542 3277 568 3325 p.
588 3261 637 3325 Εψ
654 3258 658 3328 1
681 3262 826 3311 thebarum
839 3263 864 3311 A
883 3262 1005 3312 thebana
1018 3267 1059 3313 uel

137 3327 298 3393 thebancur
318 3329 439 3379 thebano
452 3328 477 3377 E
490 3325 561 3394 [1288
580 3329 697 3379 tenebat
715 3330 740 3378 A
758 3329 909 3383 tenebit.E
931 3345 1058 3382 numeres

136 3411 208 3448 corr.
232 3400 298 3448 nu2
321 3413 357 3446 erc
379 3399 499 3446 numeris
517 3396 543 3445 Ε
575 3393 587 3463 l(
620 3398 671 3448 289
688 3395 770 3446 POL.
789 3412 900 3447 numero
925 3402 952 3449 ei
976 3403 1019 3449 est
1036 3417 1058 3452 ω

136 3463 222 3514 ΕΤΕ.
241 3469 383 3529 numeret,
404 3469 446 3513 est
463 3462 581 3517 B.Scltm.
598 3460 609 3528 ΙΙ
626 3466 676 3515 290
694 3462 766 3514 100.
780 3465 805 3514 A
824 3481 870 3518 cm.
883 3465 909 3514 E
925 3462 937 3532 Η
953 3472 981 3516 te
1000 3471 1057 3518 tur-

135 3532 193 3582 bae
206 3532 231 3580 A
251 3537 279 3582 et
296 3532 359 3582 urbi
377 3531 400 3580 Ε
423 3528 435 3597 ll
458 3534 512 3583 291Δ
527 3532 638 3582 ascribo
656 3533 681 3582 A
700 3531 841 3584 ascribiE
858 3549 928 3585 corr.
946 3535 1022 3585 NHc.
1034 3531 1047 3602 ΙΙ

192 3647 315 3682 sunnone
331 3648 424 3700 nunu„
832 3615 869 3706 9.
