2550 3978
551 205 713 252 TROADES

139 346 164 405 ε’
219 344 353 405 Succede
370 344 481 405 tumulo
498 351 594 423 gnate.
615 321 697 421 'quid
714 351 794 404 retro
810 344 885 422 iugis

174 431 326 508 turrisque
341 427 469 490 latebras
484 429 618 506 spernis?
641 445 769 506 agnosce
785 428 922 488 indolem.

173 515 265 592 pudet
279 515 394 574 timere.
427 515 550 591 spiritus
566 531 688 590 magnus
704 513 775 591 suga

175 601 347 676 animusque
362 607 495 667 ueteres,
511 617 595 658 sume
611 615 684 675 quos
700 616 785 658 casus
801 597 889 657 dedit.
1109 609 1158 658 515

175 701 212 744 en
230 685 343 743 intuere
360 683 445 743 turbe
463 701 538 761 quae
554 685 646 742 simus
661 701 764 760 super:

172 767 313 841 famulus
328 784 404 846 puer
420 769 555 846 captiua:
572 767 735 827 cedendum
753 775 797 827 est
812 765 904 828 maiis.

143 853 175 911 e''
221 852 344 912 Sanctus
359 855 491 930 parentis
507 852 616 912 conditi
633 851 719 912 sedes
735 869 789 930 age

178 925 252 996 aude
267 936 377 997 subire.
409 937 466 997 ints
483 939 507 997 si
524 938 649 997 miseros
664 938 768 996 iuuant

176 1020 268 1081 hebes
283 1019 423 1089 sulutem,
441 1022 499 1082 fate
515 1022 539 1081 si
555 1023 645 1080 uitam
662 1031 771 1099 negant
1107 1032 1158 1080 520

176 1104 267 1166 habes
286 1105 465 1184 sepulcrum.

176 1201 249 1250 sssrr.
499 1190 626 1251 claustra
643 1191 822 1250 conmissum
838 1199 955 1268 tegunt,
1054 1202 1078 1243 r.
1093 1203 1158 1244 xxx

177 1291 263 1351 quem
280 1292 318 1335 ne
334 1284 402 1335 tuus
417 1275 562 1352 producut
577 1276 605 1334 in
623 1275 752 1335 medium
770 1277 872 1344 timor,

176 1359 281 1435 procul
297 1360 368 1419 hinc
383 1360 489 1420 recede
506 1368 593 1438 teque
609 1358 758 1420 diuersum
776 1378 890 1420 emoue.

142 1467 161 1516 g
219 1457 325 1503 ANDR.
350 1444 459 1504 Leuius
475 1443 551 1504 solet
566 1446 671 1504 timere
686 1446 735 1524 qui
751 1445 873 1523 propius
889 1446 985 1504 timet:

176 1529 242 1596 sed,
260 1529 284 1589 si
300 1527 410 1606 piacet,
427 1528 592 1589 referemus
608 1530 677 1588 hinc
692 1528 748 1588 alio
764 1529 879 1608 pedem.
1107 1538 1157 1588 525

143 1611 169 1684 g'
219 1625 294 1672 sun.
319 1612 429 1673 Cohibe
445 1630 606 1691 parumper
622 1632 672 1672 ora
690 1625 869 1691 questusque
885 1615 1034 1692 upprime:

176 1713 295 1772 gressus
311 1697 452 1757 nefandos
468 1698 526 1758 dun
543 1697 752 1774 Cephallanum
771 1698 916 1759 admouet.

143 1807 160 1840 a
219 1795 327 1842 nnus.
351 1781 475 1844 dehisce
490 1781 577 1842 telius
592 1791 682 1859 tuque
699 1783 824 1843 coniunx
841 1781 943 1842 ultimo

175 1884 265 1943 specu
280 1866 429 1927 reuulsam
446 1867 548 1927 scinde
565 1866 698 1927 tellurem
716 1875 746 1927 et
761 1867 858 1946 Stygis

136 1983 146 2000 ·
175 1953 242 2011 sinu
257 1951 406 2029 profundo
422 1952 516 2011 conde
533 1952 697 2030 depositum
714 1969 823 2012 meum.

175 2036 258 2096 adest
274 2035 373 2096 Vlixes
389 2044 418 2097 et
434 2037 551 2114 quidem
568 2035 658 2096 dubiu
674 2037 766 2114 gradu

176 2119 333 2197 uultuque:
358 2124 449 2181 nectit
464 2129 585 2199 pectore
600 2128 679 2181 estus
695 2121 824 2181 callidos.

426 2335 562 2384 VLIXES.
586 2337 843 2386 ANDROMACHA.

143 2473 167 2532 ε’
218 2475 315 2534 Durae
331 2476 464 2536 minister
480 2478 567 2535 sertis
583 2475 640 2535 hoc
655 2477 784 2554 primum
802 2484 885 2554 peto,

175 2567 206 2618 ut
221 2577 273 2619 ore
289 2562 423 2636 quemuis
439 2560 530 2620 uerba
547 2559 682 2620 dicentur
699 2579 764 2619 meo

176 2660 233 2702 non
250 2662 315 2704 esse
331 2645 434 2705 credas
451 2652 565 2705 nostra:
589 2647 746 2707 Graiorum
763 2647 892 2706 omnium
1108 2659 1157 2709 535

177 2746 395 2806 procerumque
411 2749 467 2790 uox
485 2737 529 2790 est
545 2740 647 2808 petere
664 2748 738 2808 quos
754 2748 835 2790 serus
851 2731 954 2792 domus

178 2813 316 2874 hectorea
333 2813 452 2875 subules
466 2814 615 2894 prohibet.
630 2815 722 2874 ‘huuc
739 2815 793 2875 satu
811 2824 960 2894 expetunt.

141 2906 158 2954 b
219 2897 349 2958 Sollicita
366 2898 481 2960 Danaos
497 2901 577 2978 pacis
592 2902 722 2960 incertae
739 2900 810 2960 fides

174 3059 308 3066 n-.----..
320 3063 331 3066 -
346 3063 353 3066 .

242 3152 291 3201 513
315 3153 453 3217 turrisque
472 3153 497 3200 E
526 3154 718 3218 turpesqueA
749 3151 760 3219 ΙΙ
789 3156 838 3204 514
860 3155 925 3217 fuge
945 3153 984 3204 εΑ
1015 3155 1088 3219 fuga

175 3218 250 3271 NHs.
265 3215 276 3284 1]
288 3222 337 3268 527
350 3220 482 3269 'fumulus
495 3237 516 3270 ω
529 3221 671 3270 Famulus
684 3225 724 3271 uel
741 3223 765 3272 V
774 3221 868 3270 etulus
884 3221 996 3271 Iurtiuus
1008 3222 1088 3272 Tre·

174 3286 260 3336 mulus
285 3287 363 3336 With.
388 3284 399 3352 Η
423 3290 472 3338 519
491 3290 590 3338 misero
609 3289 634 3336 E
650 3286 661 3354 11
681 3306 715 3338 nu
732 3289 832 3337 misero
851 3289 982 3338 fauent?
1004 3285 1016 3355 11
1039 3292 1089 3341 527

174 3354 367 3418 cephallsuum
385 3355 410 3403 E
434 3356 652 3421 ceffalianump
684 3356 870 3420 Cephalenum
894 3357 918 3405 Α
948 3354 959 3424 il
988 3359 1037 3408 529
1062 3364 1090 3410 et
1246 3415 1247 3420 η

173 3421 299 3540 qqygqlp
317 3427 404 3555 eEtpq
420 3424 441 3472 Α
458 3419 469 3490 p
488 3424 621 3474 vurxss
636 3449 642 3461 ·
657 3423 911 3474 Anuuonncun
929 3425 954 3474 Ε
972 3441 1018 3476 om.
1038 3428 1061 3477 A
1080 3425 1089 3492 p
1243 3427 1247 3455 ¹
