2490 3984
184 177 249 242 408
539 157 541 162 ’
585 190 726 238 1uosnr1

186 335 216 393 in
233 331 298 393 luce
316 333 440 392 miseros
455 333 531 391 uita:
556 332 703 392 cariturae
720 329 848 400 Hercule

188 418 237 477 lux
254 417 320 477 uilis
336 419 388 476 ista
405 423 459 476 est.
490 417 604 494 exigam
620 433 732 494 poenas
748 414 798 475 tibi

187 503 369 580 reddamque
385 503 485 562 uitam.
517 501 575 560 lata
590 519 627 560 an
644 501 771 561 extendo
788 517 853 560 mea

188 597 374 665 mortemque
390 588 519 646 coniunx
536 586 572 645 arl
588 592 652 646 tuas
668 603 757 646 seruo
773 587 896 645 manus?

187 674 321 733 uirtusue
337 679 474 748 superest
489 669 584 748 aliqua
602 677 631 730 et
647 677 776 730 armatae
791 687 896 729 manus

187 756 341 840 intendere
357 774 459 816 arcum
475 753 532 816 tela
548 757 707 816 missurum
725 753 826 815 ualent

187 859 224 902 an
240 859 322 901 arma
339 849 456 900 cessant
470 848 558 918 teque
574 839 726 918 languenti
742 857 830 899 manu

100 991 101 994 Ἴ
188 925 344 986 uon'audit
359 926 464 985 arcus?
487 927 512 984 si
528 933 613 1005 potes
630 925 720 984 letum
737 924 808 984 clare

187 1011 318 1070 animose
334 1011 477 1078 coniunx,
495 1010 647 1070 dexteram
664 1017 787 1086 expecto
806 1015 902 1068 tuem:

186 1113 268 1155 mors
285 1095 445 1155 differatur.
479 1094 581 1172 frange
597 1101 630 1164 ut
645 1097 793 1154 insontem
808 1092 935 1159 Lichan,

186 1178 258 1240 alias
274 1180 303 1238 in
319 1179 410 1238 urbes
425 1197 531 1256 sparge
547 1186 577 1239 et
591 1180 724 1256 ignotum
741 1177 794 1236 tibi

186 1264 300 1323 inmitte
317 1265 346 1322 in
363 1263 476 1323 orbem.
509 1262 600 1342 perde
616 1270 649 1322 ut
664 1262 805 1322 Arcadiae
822 1263 904 1322 nelos

187 1356 217 1409 et
232 1348 371 1426 quicquid
388 1347 466 1407 aliud
483 1349 580 1407 cessit.
612 1367 628 1406 a
644 1345 728 1407 bellis
743 1352 843 1406 tamen

187 1435 315 1493 coniunx
331 1432 443 1492 redisti.

187 1530 269 1577 HYL.
497 1517 658 1592 parociam
675 1522 769 1576 mater
785 1533 900 1592 precor.

186 1603 306 1678 ignosce
323 1603 397 1661 latis.
430 1618 515 1660 error
532 1619 547 1659 a
564 1599 650 1676 culpa
666 1607 761 1659 uacat.

184 1699 305 1745 ouran.
322 1687 346 1746 si
362 1703 433 1746 uera
449 1686 541 1763 pietas
557 1682 640 1764 Hylle
656 1683 824 1761 qrraerenda
842 1683 968 1744 esttibi:

185 1772 244 1830 iam
262 1772 374 1847 perime
390 1778 525 1830 matrem.
558 1769 669 1846 trepida
687 1768 756 1846 quid
773 1769 870 1827 renuit
886 1769 1012 1829 manus?

187 1854 255 1930 quiid
273 1872 324 1914 ora
341 1853 454 1914 llectis‘l
476 1854 550 1913 haec
567 1855 622 1912 erit
639 1853 731 1930 pietas
747 1851 861 1912 scelus?
1124 1863 1173 1911 990

184 1940 292 2015 ignaue
309 1938 442 1998 dubitas?
467 1936 625 1997 Herculem
643 1938 737 2014 eripui
754 1935 821 2004 libi,

253 2190 303 2241 973
323 2191 462 2240 cariturae
482 2199 519 2254 εψ
540 2193 666 2240 caritura
686 2206 704 2240 α
726 2187 738 2254 ΙΙ
762 2192 812 2240 974
830 2191 891 2240 Lux
909 2190 959 2241 illa
977 2191 1062 2242 sistat
1080 2193 1107 2242 Ε

184 2259 246 2308 Lux
269 2259 334 2308 uilis
356 2259 412 2308 iste
436 2261 479 2308 est
497 2258 522 2307 A
555 2258 673 2322 (estem.
692 2258 764 2321 ltro)
794 2259 856 2308 Lux
874 2259 930 2308 iste
953 2260 1043 2310 setis
1062 2265 1106 2310 est

183 2329 226 2376 uel
248 2326 280 2376 L.
306 2327 324 2376 i.
348 2330 462 2376 restet
486 2341 571 2391 quae
596 2328 696 2390 exiget
721 2325 798 2380 Gron.
828 2325 889 2376 Lux
912 2327 968 2376 ista
990 2328 1032 2376 eit
1054 2332 1106 2377 set
1222 2339 1223 2348 ³

183 2394 282 2444 IGron.
306 2390 318 2460 ΙΙ
343 2395 437 2458 exigat
455 2393 480 2442 Ε
500 2394 609 2458 exigam
628 2394 652 2443 A
673 2389 685 2459 Η
705 2392 760 2442 sibi
777 2393 803 2442 Ε
819 2393 873 2443 tibi
891 2396 916 2443 A
940 2390 951 2459 ΙΙ
975 2396 1025 2445 975
1043 2396 1108 2445 fata

185 2478 221 2510 an
239 2461 265 2510 Ε
282 2462 381 2511 fatone
400 2462 425 2512 A
442 2457 454 2527 ll
472 2462 591 2511 extendo
610 2462 660 2524 Εψ
680 2461 837 2511 extendam
856 2477 874 2510 α
890 2457 902 2528 ΙΙ
918 2465 968 2513 976
987 2463 1022 2512 ad
1040 2467 1107 2512 tuus

183 2530 233 2579 En
255 2530 284 2578 in
302 2535 364 2580 tues
384 2531 408 2579 Α
430 2525 442 2595 Η
464 2544 544 2580 seruo
566 2528 616 2578 ER
638 2530 756 2578 Delriuoi
774 2530 892 2594 plerique
916 2544 1024 2580 semem
1042 2532 1069 2580 A
1092 2529 1105 2592 ΙΙ

183 2597 233 2647 977
253 2600 281 2646 et
298 2601 406 2647 armeta
424 2613 522 2647 manus
540 2597 566 2646 Ε
577 2597 617 2645 lm
627 2611 645 2660 p
665 2597 827 2647 Germanicus
850 2601 878 2647 et
897 2601 1027 2647 armatae
1045 2614 1106 2647 ma-

184 2679 236 2712 nus
300 2663 398 2713 uolent
415 2666 522 2729 Lipsius
540 2664 698 2714 Sarmatica
716 2668 745 2714 et
762 2679 860 2714 manus
878 2665 903 2714 A
915 2661 927 2729 ΙΙ
937 2670 998 2729 poet
1015 2682 1039 2715 u.
1053 2668 1105 2716 977

183 2733 338 2796 interposito
358 2737 417 2781 sunt
440 2733 518 2782 llaec:
548 2732 603 2781 Seu
627 2731 697 2796 (Sed
720 2731 758 2797 ll)
788 2730 849 2781 dire
873 2747 949 2782 soror
977 2736 1021 2782 est
1042 2731 1109 2796 (est

185 2814 261 2848 soror
274 2798 306 2862 ll)
328 2799 397 2848 adde
416 2815 458 2850 me
479 2800 604 2850 comitem
623 2801 678 2848 tuis
698 2800 822 2863 aputu
836 2801 857 2850 G
869 2802 920 2850 uid.
934 2802 971 2850 ad
980 2817 1004 2850 u.
1018 2802 1071 2850 955
1091 2802 1107 2862 Η

184 2869 233 2918 978
252 2867 398 2917 missurum
411 2867 435 2916 A
456 2867 632 2918 misserorum
648 2867 702 2932 Ep
722 2863 734 2933 [l
754 2866 851 2917 uolent
868 2879 882 2919 ε
892 2869 927 2932 p?
945 2867 1025 2917 ualet
1042 2869 1069 2918 A
1091 2870 1107 2931 ll

183 2938 233 2986 979
252 2935 294 2985 An
314 2950 391 2984 arma
410 2935 556 2988 eAEllal.
569 2937 635 2985 Poll.
663 2937 730 2984 Nun
749 2950 825 2986 arma
844 2951 863 2986 α
885 2936 956 2986 Num
975 2943 999 3000 ψ
1022 2936 1108 2986 Nune

182 3004 249 3053 Poll.
274 2999 286 3069 Η
309 3005 360 3054 980
377 3003 438 3053 Non
457 3002 536 3052 audit
554 3003 709 3068 elfinus
731 3005 799 3054 Nun
818 3003 897 3052 audit
915 3019 934 3053 er
955 3003 1026 3053 Num
1043 3011 1071 3067 ψ
1092 3005 1106 3065 ΙΙ

184 3087 251 3121 arcu
270 3072 295 3121 si
313 3071 338 3120 Ε
360 3067 372 3137 ΙΙ
396 3076 475 3134 potes
495 3068 754 3136 encipeiusmrta)
778 3075 872 3134 potest
889 3073 914 3121 A
937 3067 949 3137 Η
973 3071 1060 3137 letum
1081 3071 1110 3120 Ε

182 3138 268 3188 letum
287 3140 310 3188 R
320 3141 356 3203 p?
369 3138 445 3188 1Ραὶ.
466 3138 552 3187 telum
570 3134 680 3255 Appflssl
700 3138 828 3188 Animosa
847 3139 1007 3203 ellLipeius
1020 3137 1109 3202 (Mo'l)

182 3207 315 3256 Animosa
334 3205 358 3254 A
377 3202 585 3270 ll9841nmitte
647 3207 748 3256 Emitte
767 3207 792 3255 A
809 3202 822 3273 {l
842 3208 892 3258 985
911 3208 998 3256 cessit
1017 3206 1040 3254 Ε
1061 3222 1108 3256 re-

183 3275 256 3324 stitit
269 3276 294 3324 A
307 3270 319 3340 Η
332 3273 366 3323 ab
384 3274 441 3323 illis
454 3291 475 3324 ω
494 3277 528 3322 et
546 3274 580 3323 ab
599 3273 658 3323 illis
678 3275 756 3324 Gron.
777 3274 903 3324 rebellis
921 3274 971 3328 Bo.
993 3289 1010 3324 a
1028 3273 1108 3324 bel-

182 3341 236 3390 uis
252 3344 309 3405 ipse
332 3343 498 3392 coniecerant.
528 3338 541 3407 ΙΙ
569 3343 619 3392 986
641 3343 705 3392 laec
723 3343 803 3392 uerbo
824 3357 909 3407 perce
933 3343 989 3391 iam
1012 3346 1111 3391 mater

182 3422 281 3469 precor
299 3411 391 3458 desunt
409 3409 433 3457 Ε
445 3407 456 3474 Η
468 3411 518 3459 989
537 3409 646 3474 trepida
665 3409 690 3458 E
708 3411 811 3474 pauide
829 3410 854 3459 A
866 3405 880 3476 [l
891 3413 984 3459 renuit
1002 3409 1027 3458 Ε
1046 3413 1109 3460 tre-

182 3474 253 3521 muit
269 3474 294 3522 A
318 3470 330 3538 H
353 3477 403 3524 990
420 3476 492 3525 haee
510 3477 535 3524 Ε
553 3476 605 3527 hoe
624 3477 648 3525 A
673 3474 685 3544 ΙΙ
708 3480 755 3528 991
776 3478 879 3543 eripuit
897 3476 949 3526 tibi
967 3477 992 3526 E
1015 3473 1028 3543 ΙΙ
