2490 3984
183 159 246 226 342
571 173 713 223 morum

150 358 165 392 o
227 313 315 395 (Non)
333 349 373 358 —-
392 347 397 358 ·
415 349 456 358 -
474 349 529 382 -,
546 331 605 374 non
622 316 713 375 maria
731 320 844 394 asperis

182 401 283 460 insana
301 400 393 468 coris,
410 415 469 459 non
486 400 564 458 acies
579 399 657 460 teras

184 484 262 564 (non)
279 483 432 563 puluerem
449 483 616 563 nubemque
633 493 741 546 motam

267 568 432 629 barbaricis
448 570 732 647 equitum-cateruis

149 715 165 764 b
227 704 321 765 Omne
336 711 510 783 perrumpet
527 737 533 750 ·
553 738 558 749 ·
577 723 756 768 —seuerus

184 825 221 832 —
241 822 246 834 ·
265 795 451 866 contemptor
467 789 576 850 leuium
594 791 716 851 deorum
846 791 848 796 ’

147 1095 174 1155 b'
226 1093 281 1164 Qui
296 1093 378 1154 uidet
392 1092 492 1154 uultus
508 1094 683 1157 Acherontis
698 1097 753 1155 atri

182 1179 310 1257 quitque)
327 1197 387 1238 nou
403 1179 493 1239 tristis
510 1181 597 1259 Styga
613 1182 726 1242 tristem
745 1181 853 1260 (odire)

181 1263 270 1323 audet
284 1271 314 1324 et
327 1266 406 1323 uitae
424 1295 597 1311 ·····
611 1300 652 1308 —

265 1365 378 1424 ponere
392 1348 491 1408 finem.

148 1485 171 1544 c'
223 1483 280 1543 Par
296 1480 343 1542 itte
359 1485 438 1560 regi,
454 1500 508 1560 par
524 1486 640 1563 superis
656 1487 711 1546 erit

95 1884 118 1934 B
226 1871 353 1950 Oquam
370 1874 511 1933 miserum
529 1881 573 1934 est
588 1876 703 1936 nescire
720 1876 796 1934 mori
863 1915 865 1919 ψ

529 1983 543 2018 *
631 1983 645 2018 *
734 1984 748 2018 ²t¹

288 2131 348 2187 Non
364 2131 448 2188 maria
465 2134 569 2206 asperis
585 2133 679 2188 insana
695 2134 797 2189 choris

287 2215 347 2272 Non
363 2217 442 2272 aties
459 2215 530 2272 ieras
547 2217 737 2292 pulueramue
753 2217 852 2275 nubem

288 2301 360 2358 Mota
374 2301 522 2358 barbaricis
539 2305 661 2376 equitum
677 2305 807 2369 cateruis,

288 2385 416 2443 Nonurbe
432 2403 492 2442 cum
510 2395 567 2442 tota
582 2389 701 2462 populos
717 2389 843 2445 cadentes

288 2471 399 2527 Hostica
416 2488 509 2527 muros
524 2473 675 2546 populante
691 2473 796 2530 ttamma

287 2556 487 2612 trrdomitumue
503 2557 613 2613 bellum.

286 2641 449 2714 Perrumpet
465 2658 544 2697 omno
561 2643 655 2698 serui
666 2645 749 2698 tium
766 2648 921 2699 contemtor

287 2726 398 2781 Leuium
413 2726 525 2782 deorum

288 2809 340 2878 Qui
355 2811 450 2866 uultus
465 2812 621 2868 acherontis
638 2814 689 2868 atri
706 2813 753 2886 qui
769 2818 847 2886 styga
865 2814 971 2868 tristem

286 2895 345 2950 Non
361 2897 450 2950 tristis
465 2896 541 2952 uidet
556 2897 691 2970 audetque
707 2901 781 2953 uitae

286 2981 391 3036 Ponere
407 2979 496 3037 finem.
526 2999 575 3056 par
590 2981 636 3038 itte
652 2984 710 3056 regi
726 2999 777 3056 par
792 2983 900 3056 superis
916 2983 977 3038 erit.

288 3065 405 3139 Oquam
422 3065 551 3121 miserum
567 3073 610 3122 est

286 3151 394 3206 Nescire
410 3153 488 3206 mori.

250 3266 298 3315 621
318 3265 389 3315 coris
407 3267 432 3315 A
452 3265 544 3316 choris
562 3273 585 3329 ψ
607 3261 621 3331 ss
644 3269 692 3317 622
711 3267 787 3316 acies
806 3266 830 3316 A
852 3263 863 3334 Η
887 3281 951 3330 ·que
970 3266 995 3315 A
1017 3263 1028 3332 Η
1049 3269 1101 3318 623

182 3337 285 3382 motam
304 3333 328 3382 A
345 3329 423 3398 11627
441 3349 476 3384 ue
495 3350 541 3383 om.
560 3330 607 3400 ott
623 3335 745 3384 bellumV
763 3337 788 3385 A
805 3331 816 3401 tl
834 3336 883 3385 628
901 3349 981 3385 omne
997 3333 1001 3396 Ι
1018 3335 1101 3385 Solus

181 3403 374 3464 contemptore
391 3401 416 3450 A
434 3397 446 3467 lt
460 3403 512 3458 630
529 3400 594 3452 Ille
614 3404 661 3466 qui
680 3403 701 3452 G
717 3398 728 3469 Η
746 3405 800 3453 atri
815 3404 819 3466 t
835 3405 860 3454 A
872 3399 884 3468 ΙΙ
896 3402 1021 3453 tristemv
1040 3404 1066 3453 A
1087 3404 1100 3468 ΙΙ

182 3466 231 3515 631
250 3467 327 3517 uidet
343 3469 346 3532 Ι
362 3468 388 3517 A
400 3465 411 3533 ΙΙ
423 3470 518 3520 uitae„
537 3471 562 3520 A
574 3465 585 3536 ΙΙ
597 3473 647 3522 633
665 3470 746 3520 finem
761 3471 765 3535 Ι
781 3473 807 3522 A
819 3468 830 3538 Η
842 3473 892 3522 636
912 3477 975 3522 estu
993 3471 1017 3520 A
1042 3469 1055 3537 ll
