2516 3998
337 223 346 238 ·
382 278 385 283 j
428 204 610 252 nrncvues
633 191 798 272 [uranus]

121 365 138 414 d
200 346 267 407 Non
282 345 365 406 illic
381 346 530 421 geminum
547 344 731 424 Tyndaridae
747 361 841 421 genus

156 441 337 494 succurrunt
353 429 461 490 timidis
477 430 573 489 sidera
590 428 724 488 nauibus.

157 525 213 578 stat
227 517 314 594 nigro
330 513 452 594 pelagus
468 514 585 590 gurgite
600 513 772 591 languidum

157 609 186 662 et
201 618 269 660 cum
284 617 366 660 mors
381 597 474 659 auidis
490 596 595 675 pallida
611 597 750 659 dentibus

157 694 261 764 gentes
275 686 447 745 innumeras
462 681 598 742 manibus
612 682 717 753 intulit

157 788 216 830 uno
232 776 276 829 tot
290 767 393 848 populi
409 767 520 845 remige
537 773 701 828 transeunt.

185 873 192 903 i

117 947 144 1004 ‹1'
199 937 265 998 ilic
282 939 330 1015 qui
346 955 398 998 rex
414 936 531 1015 populis
547 935 682 1014 pluribus
697 937 832 1016 imperat,

158 1022 236 1083 bello
253 1040 320 1082 cum
337 1030 453 1098 peteres
469 1028 636 1080 nestoream
654 1020 754 1100 Pylon,

158 1115 257 1168 tecum
274 1107 425 1166 conseruit
441 1103 597 1184 pestiferas
612 1123 718 1165 manus

159 1191 250 1254 telum
266 1192 430 1268 tergemina
447 1190 570 1268 cuspide
586 1190 769 1267 praeferens·

160 1277 261 1354 effugit
277 1277 358 1336 tenui
375 1274 498 1336 uulnere
514 1276 633 1334 saucius

160 1368 188 1420 et
203 1360 306 1420 mortis
322 1359 459 1420 dominus
474 1360 626 1438 pertimuit
641 1360 727 1419 meri.

125 1562 140 1596 e
201 1529 306 1589 Fatum
322 1547 428 1606 rumpe
443 1545 547 1587 manu:
572 1527 706 1588 tristibus
719 1528 822 1588 inieris

158 1620 334 1692 prospectus
349 1619 446 1690 pateat
460 1611 535 1672 lucis
551 1620 579 1672 et
595 1613 693 1672 inuius

159 1698 244 1759 limes
262 1697 312 1758 det
327 1696 426 1757 faciles
441 1696 483 1756 ad
499 1713 659 1774 superus
674 1697 747 1757 uias

159 1784 278 1843 inmites
293 1783 389 1860 potuit
404 1780 525 1842 flectere
542 1779 675 1841 cantibus

161 1866 377 1928 umbrarum
398 1866 569 1925 dominos
590 1871 619 1924 et
634 1883 724 1942 prece
740 1865 865 1943 supplici

160 1951 308 2030 Orpheus,
325 1950 492 2031 Eurydicen
510 1950 581 2012 dum
597 1952 703 2028 repetit
718 1968 810 2012 suam.
838 1977 843 1988 ·

132 2134 146 2183 f
207 2118 305 2188 Quae
321 2118 411 2179 siluas
427 2126 456 2178 et
470 2135 540 2178 aues
556 2136 685 2198 saxaque
701 2126 830 2180 traxerat

161 2218 223 2272 ars,
242 2222 334 2282 quae
347 2203 527 2281 praebuerat
542 2202 713 2264 fluminibus
729 2221 835 2272 moras,

161 2289 197 2350 ad
214 2289 317 2348 euius
333 2289 460 2348 sonitum
477 2288 670 2348 constiterant
685 2288 775 2349 ferae.

160 2371 271 2433 mulcet
287 2390 347 2432 non
363 2371 456 2432 solitis
471 2371 594 2433 uocibus
610 2373 722 2434 inferos

116 2525 121 2530 ,
162 2464 192 2518 et
207 2457 305 2517 surdis
320 2462 439 2518 resonat
454 2456 562 2518 clarius
578 2458 607 2516 in
623 2455 705 2518 locis,

120 2633 144 2692 f'
199 2598 759 2706 lieslent'EurydicenTaenariae
774 2641 884 2685 nurus:

151 2709 309 2771 'deflent
324 2717 352 2769 et
367 2708 495 2770 lacrimis
511 2709 645 2770 difficiles
662 2709 709 2770 dei

231 2945 375 2996 see-563
392 2951 452 3009 post
468 2962 492 2993 u.
512 2947 562 2995 593
580 2946 704 2995 collocant
730 2939 742 3010 Η
771 2945 821 2994 565
838 2943 913 2994 bella
935 2945 981 3008 ch
1005 2943 1079 2993 bello

163 3013 203 3062 εΑ
238 3009 250 3078 ΙΙ
284 3016 415 3076 peterent
442 3014 489 3076 ch
518 3017 627 3076 peteret
647 3013 704 3062 Eli
729 3014 836 3062 Vratiri.
867 3016 976 3077 peteres
1000 3012 1023 3060 A
1057 3007 1068 3072 ΙΙ

163 3081 213 3130 567
237 3086 298 3144 post
322 3085 391 3144 terg.
413 3095 468 3129 sere
492 3082 552 3130 add.
574 3081 601 3128 V
627 3077 638 3145 ΙΙ
666 3083 716 3131 570
738 3095 863 3144 rumpere
883 3078 918 3128 Ει
947 3075 959 3145 d
991 3079 1077 3127 tristi·
1114 3073 1121 3084 “

162 3147 215 3196 bus
233 3146 313 3196 EVA
342 3149 431 3196 trieti's
451 3152 520 3210 etet
550 3144 561 3213 d
599 3149 646 3198 571
673 3157 702 3198 et
721 3148 790 3198 lucis
808 3149 836 3198 V
862 3143 874 3214 d
908 3149 957 3197 575
980 3145 1081 3209 recipit

163 3227 186 3278 ψ
207 3211 218 3281 Η
235 3215 283 3266 581
303 3215 327 3263 lt.
340 3232 363 3264 u.
375 3222 437 3279 post
448 3233 472 3267 a.
486 3217 536 3266 584
549 3217 641 3278 tepitur
653 3217 687 3278 A,
703 3216 750 3266 doc
763 3219 817 3265 Ioco
830 3213 902 3264 EM)
912 3215 966 3274 Vn,
981 3215 1078 3263 omnino

164 3283 236 3332 adest
254 3283 317 3332 ltro
346 3278 357 3348 d
388 3282 482 3332 Sardis
500 3288 613 3332 resonet
632 3283 733 3333 elarius
752 3285 780 3331 in
798 3283 869 3331 iocis
885 3279 890 3346 Ι
905 3280 1015 3329 Deflent
1034 3297 1079 3330 eu·

163 3350 278 3414 rydicen
295 3350 381 3399 rmidi
399 3351 579 3414 sedentMop.
603 3351 736 3400 threiciae
755 3367 777 3400 ω
799 3354 982 3398 tartareae
1001 3349 1078 3398 Wnn.

164 3419 337 3468 taeuariae
360 3421 455 3483 scripsi
483 3419 584 3468 deflent
601 3417 808 3467 Eumenides
833 3417 1007 3466 Threiciam
1030 3431 1079 3466 nu-

163 3499 226 3535 rum
244 3489 302 3538 coll.
322 3485 395 3536 Ouid.
415 3486 454 3536 M.
475 3485 508 3540 X.
530 3489 562 3535 45
578 3484 697 3534 Brenn.
719 3481 731 3551 Η
