2490 3984
535 179 733 228 AGAMEMNO

176 340 236 382 non
251 323 338 384 niuea
353 320 454 399 proles
470 319 585 399 Cycnus
600 321 740 398 aequorei
755 319 817 390 dei,

176 424 236 468 noo
251 405 393 488 bellicoso
409 404 537 466 Thressa
554 423 621 466 cum
638 404 736 466 Rheso
751 403 896 481 phalanx,

176 510 237 552 non
253 492 329 569 picta
346 491 501 570 pharetras
516 498 546 550 et
561 491 731 568 securigera
747 507 836 550 manu
854 515 856 520 ·

176 576 285 656 peltata
300 581 444 639 Amazon:
468 575 548 636 hunc
563 574 644 635 domi
658 575 801 638 reducem
817 591 905 652 paras
1073 585 1096 630 r.
1111 585 1158 628 cvr

176 668 306 722 mactare
322 668 351 722 et
366 679 432 722 aras
448 659 539 721 caede
554 658 703 720 maculare
719 658 816 738 iupiai
1110 670 1160 722 220

218 745 327 806 Victrix
343 743 467 806 inultum
483 744 605 806 Graecia
621 743 679 804 hoe
694 743 808 804 facinus
824 744 917 804 iereti

175 847 268 908 equos
284 839 313 891 ct
328 848 410 890 arma
426 828 626 908 classibusque
641 828 768 890 horrens
783 829 893 889 fretum

175 932 310 995 propone
326 924 355 977 et
370 914 428 976 alto
444 915 587 992 sanguine
604 913 756 974 exundans
772 911 865 973 solum

174 1008 205 1060 et
218 1008 282 1061 tota
298 1007 401 1080 captae
416 999 474 1062 ieta
492 998 651 1060 dardaniae
666 997 771 1060 domus

175 1093 291 1163 regesta
302 1085 422 1168 Danais.
453 1084 607 1162 conprime
624 1081 757 1144 adiectus
772 1090 872 1144 truces

175 1177 363 1248 mentemque
374 1169 493 1232 tibimet
507 1170 570 1247 ipsa
587 1167 707 1246 pacifica
724 1173 814 1228 tuam.

303 1433 508 1484 AEGISTHVS.
532 1431 795 1482 GLYTEMESTRA.
819 1433 961 1480 mvrulx.

217 1589 303 1662 Quod
317 1598 434 1667 tempus
450 1590 549 1649 animo
564 1605 683 1665 semper
698 1607 733 1649 ac
748 1596 847 1648 mente
862 1587 979 1659 horrui,

174 1676 258 1738 adest
272 1674 407 1754 proiecto
422 1673 513 1734 rebus
530 1681 693 1734 extremum
709 1674 793 1733 meis.

174 1759 245 1840 quid
260 1766 344 1836 terga
360 1759 451 1818 uertis
467 1758 582 1818 auimei
606 1757 675 1834 quid
691 1758 787 1834 primo
803 1757 914 1835 impetu

174 1845 300 1924 deponis
316 1844 416 1904 armai
440 1842 529 1903 crede
545 1842 706 1920 perniciem
724 1840 776 1900 tibi

174 1939 205 1991 et
220 1928 283 1989 dira
300 1945 404 1988 saeuos
420 1927 478 1988 iata
496 1926 594 1988 moliri
610 1925 693 1987 deos:

173 2032 291 2093 oppone
307 2013 420 2073 cunctis
436 2012 494 2073 uile
509 2010 660 2090 suppliciis
674 2018 762 2088 caput

173 2099 348 2177 ferrumque
363 2106 392 2158 et
404 2098 489 2175 ignes
504 2104 626 2174 pectore
642 2095 769 2156 aduerso
785 2095 897 2174 excipe.

172 2183 311 2261 Aegistho
327 2198 386 2242 nou
403 2188 447 2243 est
461 2196 557 2261 poena
573 2182 615 2240 sic
630 2187 698 2240 nato
713 2181 799 2240 mori.

215 2269 261 2329 Tu
276 2283 331 2328 uos
346 2265 450 2345 pericli
464 2269 545 2327 socia
560 2273 592 2326 tu
607 2265 686 2326 Leda
702 2271 764 2325 sata

172 2353 315 2414 comitare
329 2358 458 2412 tantum:
482 2351 654 2428 sanguinem
670 2349 776 2409 reddet
790 2348 843 2409 tibi

172 2439 297 2515 ignauus
311 2437 367 2497 iste
383 2435 489 2497 ductor
504 2455 539 2496 ac
554 2436 638 2494 sortis
653 2444 747 2511 pater.

172 2520 225 2582 sed
241 2521 310 2600 quid
325 2528 488 2582 trementes
503 2520 610 2580 circuit
624 2517 719 2598 pallor
734 2533 840 2594 genas,

170 2607 331 2685 iacensque
347 2604 445 2666 uultus
460 2603 599 2683 languido
614 2609 719 2680 optutu
734 2603 850 2681 stupet?

215 2701 313 2749 citur.
337 2692 428 2750 Amor
443 2689 547 2768 iugalis
562 2688 654 2750 uincit
669 2706 703 2748 ac
717 2687 808 2758 flectit
823 2694 912 2750 retro.

173 2774 345 2835 referamur
359 2773 444 2844 iiiuc,
461 2773 540 2848 unde
555 2790 615 2833 uon
631 2773 729 2833 decuit
744 2773 828 2850 prius

173 2858 264 2920 abire.
296 2857 343 2918 uei
359 2876 438 2918 nunc
454 2865 532 2918 casta
548 2865 699 2936 repetatur
715 2857 796 2917 fides,

240 3063 289 3112 uit
308 3063 415 3113 Victrix
432 3061 458 3110 E
475 3061 566 3112 Vlirix
584 3061 608 3110 A
632 3056 645 3127 ΙΙ
669 3062 719 3110 223
736 3061 789 3112 Pro
811 3075 862 3112 one
881 3062 1025 3113 eRBasit.
1039 3079 1088 3128 my,

170 3131 316 3196 Praepous
335 3131 360 3179 A
383 3126 395 3195 ΙΙ
418 3130 469 3179 226
487 3126 561 3194 ipse)
583 3145 600 3194 p
618 3131 645 3179 in
662 3143 714 3178 rae.
733 3129 770 3180 Ε*
792 3077 966 3195 ffmvusslx
983 3133 1045 3182 add.
1064 3131 1090 3179 E

170 3213 217 3250 om.
235 3199 260 3248 A
284 3195 298 3266 ii
320 3200 370 3249 230
387 3197 509 3263 permitti
527 3197 580 3246 tibi
596 3197 621 3247 Ε
644 3194 656 3264 ΙΙ
679 3198 729 3247 234
748 3195 827 3250 OLY.
846 3197 871 3246 A
890 3213 937 3248 om.
956 3198 981 3248 Ε
1004 3195 1016 3264 ΙΙ
1039 3201 1090 3250 235
1158 3193 1162 3201 ’

171 3265 255 3320 AEG.
273 3267 298 3316 A
317 3281 365 3320 om.
384 3265 410 3314 Ε
421 3262 433 3332 Η
445 3267 495 3316 239
513 3265 605 3315 uultus
624 3266 754 3329 ehipsim
771 3263 851 3314 uultu
868 3266 893 3316 A
906 3260 917 3331 Η
935 3269 1047 3331 optutus
1064 3266 1089 3316 Ε

173 3334 283 3384 obtutus
301 3336 327 3386 A
345 3335 447 3385 obtutu
464 3329 606 3467 differimss
620 3334 669 3383 241
688 3332 849 3384 Referemus
868 3334 893 3384 Ε
911 3334 1091 3384 Referemur·

128 3455 133 3460 ,
171 3401 269 3452 lGron.
286 3401 488 3454 RemeemusA

171 3475 183 3517 t
206 3469 227 3518 G
309 3467 321 3535 Η
524 3403 573 3452 242
593 3402 642 3452 sed
659 3415 733 3451 nunc
745 3401 796 3451 EA
815 3400 861 3450 uel
873 3415 945 3452 nunc
958 3405 983 3453 in
996 3405 1089 3468 optimo

186 3505 191 3517 .
229 3486 291 3522 roo.-
