2440 3966
170 161 236 226 424
337 205 340 210 -
563 178 705 228 rnosnrr

174 317 297 380 Bellona
312 320 402 382 lerro.
433 321 517 381 mitte
532 319 694 380 Gradiuum
712 327 836 382 trucem.

173 412 306 464 armetur
321 406 351 464 in
367 422 415 464 me
431 405 527 465 dirus:
553 412 597 464 est
611 405 704 466 irater
719 404 839 484 quidem

173 488 225 549 sed
242 506 277 549 ex
293 506 433 550 nouerca.
466 495 496 549 tu
512 507 629 568 quoque
645 488 763 550 Alcidae
778 507 865 550 soror

173 580 287 634 tantum
304 592 340 634 ex
355 581 478 651 parente
494 573 647 653 cuspidem
662 575 693 634 in
709 573 832 635 fratrem
849 581 932 635 tuum

172 656 300 719 iaculare
316 656 421 719 Pallas.
453 656 601 736 supplices
616 659 707 718 tendo
723 677 829 720 manus

171 743 208 803 ad
223 750 252 802 te
268 761 414 804 nouerca:
438 760 545 821 sparge
562 750 593 802 tu
607 742 711 804 saltem
728 761 836 821 precor

172 826 271 888 telum.
303 829 402 907 parire
417 829 544 888 feminae
559 844 680 905 possum
696 846 795 889 manu.

171 913 231 972 iam
247 911 340 974 lracta
355 915 414 974 iam
432 914 532 973 satiata
550 913 620 990 quid
637 913 755 990 parcis?
778 915 873 974 minas

172 996 242 1076 quid
258 998 376 1077 quaeris
392 997 490 1058 ultral
513 996 675 1076 supplicem
692 997 816 1058 Alciden
831 999 924 1062 uides.

173 1089 202 1142 et
217 1081 296 1142 nulla
311 1080 399 1143 tellus
415 1080 494 1143 nulla
512 1099 559 1142 me
575 1082 649 1141 uidit
664 1081 726 1142 fera

173 1174 202 1226 te
219 1165 440 1245 deprecantem.
471 1184 551 1226 nunc
566 1166 639 1226 milri
653 1167 727 1227 irata
744 1167 863 1247 quidem

172 1268 246 1328 opus
262 1259 306 1311 est
322 1269 467 1312 nouerca:
488 1269 570 1311 nuuc
585 1258 654 1312 tuus
669 1259 764 1312 cessat
781 1251 886 1313 dolori

171 1353 251 1396 nunc
267 1335 335 1396 odia
351 1335 455 1415 pouisl
477 1337 575 1414 parcis
590 1335 640 1396 ubi
657 1345 760 1396 uotum
777 1345 822 1397 est
836 1336 933 1397 morli

170 1438 188 1479 o
205 1427 284 1480 terra
301 1427 330 1480 et
345 1420 437 1482 urbes
453 1437 513 1480 non
529 1419 623 1480 lacem
640 1422 795 1500 quisquam
811 1420 932 1482 Herculi

170 1522 230 1564 non
247 1522 328 1565 arma
344 1504 460 1566 tradet?
483 1503 538 1565 tela
554 1503 726 1566 subtrahitis
742 1506 832 1566 mihil

169 1592 208 1650 ita
225 1588 305 1651 nulla
321 1607 425 1650 saeuas
440 1596 521 1649 terra
539 1591 686 1668 concipiat
701 1590 780 1650 leros

170 1683 238 1752 post
253 1691 301 1734 me
317 1673 434 1753 sepulto
450 1692 506 1734 uec
521 1691 602 1733 meas
617 1691 758 1752 umquam
775 1691 879 1734 manus

170 1757 300 1836 inploret
315 1758 411 1819 orbis:
436 1757 479 1838 [st
492 1774 553 1834 qua
569 1765 734 1819 noscentur
748 1761 847 1834 molo,

169 1851 313 1905 nascetur
328 1839 445 1924 odium]
462 1843 592 1922 undique
609 1841 711 1903 inlelix
727 1852 816 1923 caput

170 1934 295 1989 mactata
310 1929 401 1998 saxis,
419 1929 529 1988 uincite
545 1944 702 1987 aerumnas
718 1945 808 1988 meas.

170 2015 285 2090 ingrate
301 2030 399 2074 cessas
416 2010 516 2072 orbisi
541 2013 703 2072 excidimus
719 2011 790 2071 tihi?

170 2096 267 2158 adhuc
283 2096 367 2157 malis
383 2097 513 2176 ferisque
529 2098 700 2175 suppositus
715 2096 808 2166 lorea,

170 2183 226 2242 nisi
242 2199 290 2242 me
305 2181 433 2242 tulisses.
463 2181 611 2242 uindicem
628 2186 723 2243 uestri
737 2181 822 2243 malis

171 2268 275 2344 eripite
290 2265 402 2345 populi.
434 2274 550 2344 tempus
566 2266 624 2326 hoc
639 2266 724 2326 uobis
740 2267 827 2327 datur

239 2490 305 2538 1317
324 2490 367 2538 est
384 2486 441 2551 Εψ
460 2491 492 2536 at
510 2482 632 2552 αΗ1322
650 2501 760 2551 possum
779 2487 902 2539 ertPau.
920 2488 1024 2551 possim
1038 2488 1063 2536 A
1086 2485 1093 2550 l'

171 2558 236 2606 1323
249 2555 343 2620 pascis
356 2572 377 2605 oo
395 2555 497 2619 parcis
516 2554 606 2604 minis
626 2554 704 2605 Grau.
723 2555 845 2618 parcis?
862 2555 952 2604 minas
963 2557 1068 2619 scripsi
1084 2553 1095 2623 ll

170 2624 236 2674 1326
254 2623 295 2673 Te
314 2623 347 2672 de
366 2626 499 2686 precante
517 2623 543 2671 Ε
560 2622 600 2672 Te
619 2625 647 2671 te
666 2627 828 2687 precantem
846 2623 872 2672 A
895 2618 907 2688 ll
932 2623 998 2673 1326
1016 2623 1096 2674 irata

169 2727 251 2788 pater
268 2723 294 2772 E
311 2722 385 2773 irata
404 2722 511 2788 quidem
535 2719 539 2788 Ι
557 2725 622 2774 1327
641 2739 705 2773 num
723 2723 748 2772 Ε
770 2739 843 2774 nunc
862 2724 886 2773 A
904 2719 916 2790 ΙΙ
933 2725 999 2775 1328
1020 2701 1096 2775 Ndm

170 2789 251 2856 (corr.
255 2807 298 2856 pr.
305 2791 349 2856 m.)
359 2792 385 2842 Ε
396 2793 475 2842 Nunc
485 2791 510 2840 A
521 2789 524 2855 Ι
541 2792 606 2841 1323
618 2795 693 2842 terra
705 2791 731 2840 Ε
743 2797 835 2842 terrae
845 2789 854 2856 ll
864 2793 929 2842 1332
942 2791 1054 2857 sepulto
1066 2794 1096 2842 Ε

170 2860 307 2926 sepultum
330 2860 355 2908 A
391 2864 454 2924 post
477 2875 530 2911 mc.
558 2857 593 2908 Se
614 2859 671 2909 ulti
695 2859 771 2910 NHc.
801 2856 814 2926 11
844 2862 909 2911 1333
938 2865 1097 2912 nascentur

169 2928 245 2978 mala
263 2927 288 2977 Ε
306 2931 441 2978 nascetur
460 2927 521 2978 fera
539 2927 565 2976 A
594 2875 613 2992 ff
636 2929 702 2978 1334
720 2927 859 2977 Nascetur
876 2926 967 2978 odium
985 2928 1011 2977 Ε
1035 2929 1096 2980 Na-

170 3000 265 3047 scatur
288 2996 360 3045 alius
383 2995 407 3044 A
437 2990 449 3060 ΙΙ
477 2992 597 3058 undique
621 3013 642 3046 oo
672 2991 684 3062 ΙΙ
713 2995 883 3046 Nascantur
905 2996 998 3045 ocius
1018 2996 1094 3048 Bad.

169 3065 309 3114 Iunonis
328 3063 395 3113 odio
409 3063 485 3113 NHs.
505 3063 672 3114 Nascantur
689 3063 781 3114 hodie
800 3067 857 3113 aut
874 3062 994 3128 undique
1009 3064 1095 3115 Grau.

170 3133 336 3183 Nascantur
356 3130 426 3180 alio
444 3130 576 3181 uindice
597 3127 673 3197 61311
686 3129 765 3182 13336
784 3133 850 3182 1334
869 3131 1028 3182 13351336·
1046 3133 1096 3182 de-

168 3207 227 3252 sunt
247 3199 268 3250 G
290 3217 332 3252 uu.
353 3197 530 3250 1333l13342
551 3199 599 3248 huc
617 3215 652 3249 ex
674 3215 765 3250 errore
782 3205 954 3263 transpositos
971 3202 1097 3262 suspicor

169 3285 204 3319 eac
222 3268 336 3318 Hercule
354 3267 384 3326 I,
408 3268 451 3318 aba*
465 3275 526 3332 poet
543 3284 567 3316 u.
587 3269 649 3317 940·
665 3269 707 3317 uel
723 3269 784 3317 941·
802 3268 891 3318 decem
909 3269 959 3316 duo
977 3267 1096 3317 hemisti-

169 3337 227 3386 cdia
244 3338 350 3386 eandem
367 3339 518 3387 sententiam
536 3335 675 3398 efficientia
692 3337 797 3386 conieci
808 3331 821 3400 ΙΙ
833 3336 899 3385 1336
916 3333 1046 3384 Mactare
1064 3335 1096 3384 E

169 3402 294 3452 Mactata
313 3399 441 3468 Α111338
459 3404 562 3454 uestris
579 3403 605 3453 Ε
622 3404 715 3453 uestri
733 3403 808 3453 NHa.
822 3399 834 3470 Η
852 3403 917 3453 1339
935 3401 1046 3467 Eripite
1063 3402 1096 3451 E

169 3468 275 3530 Lipsius
291 3469 420 3534 Excipite
439 3472 463 3521 A
488 3467 499 3538 ss
