2526 3986
537 215 717 264 THYllSTES

178 362 295 422 nutauit
309 358 384 428 aula,
401 357 491 420 dubia
507 375 565 437 quo
581 357 698 436 pondus
714 355 798 417 daret

179 465 213 507 ac
228 443 383 506 fluctuanti
398 443 509 508 similis.
537 462 553 503 e
568 441 654 502 laeuo
671 441 800 509 aethere,

179 531 281 591 atrum'
292 531 425 590 cucurrit
439 527 562 589 limitem
578 527 658 587 sidus
673 526 805 588 trahens.

143 625 166 682 e'
222 614 323 676 Libata
339 616 369 674 in
385 615 470 693 ignes
484 615 554 673 uina
569 617 681 672 mutato
696 611 794 671 iluunt
820 637 823 642 ·

179 709 301 761 cruenta
317 700 441 759 baceho.
467 701 582 776 regium
598 697 686 775 capiti
702 697 793 757 decus

179 785 224 847 bis
239 795 346 865 terque
360 784 477 863 lapsum
494 793 547 844 est.
576 782 660 843 lleuit
674 783 705 840 in
720 780 838 860 templis
854 781 940 845 ebur.

179 888 301 931 mouere
317 879 439 930 cunctos
454 876 604 939 monstra,
620 868 671 928 sed
688 865 768 927 solus
783 867 840 927 sihi

178 957 309 1016 inmotus
325 957 432 1016 Atreus
448 961 563 1014 constat
578 962 667 1029 atque
683 951 760 1012 ultro
776 951 848 1012 dens

177 1048 273 1101 terret
288 1041 445 1100 minantes
473 1041 590 1118 iamque
607 1038 728 1097 dimissa
745 1055 827 1097 mora

178 1124 291 1186 adsistit
305 1126 364 1186 aris
379 1133 498 1186 toruum
514 1131 544 1184 et
559 1120 709 1202 obliquum
725 1123 853 1184 intuens.

150 1227 164 1275 f
222 1209 323 1270 leiuna
339 1209 421 1269 siluis
436 1207 559 1288 qualis
574 1209 603 1267 in
620 1208 783 1286 gangeticis

176 1295 257 1355 iuter
272 1295 415 1355 iuuencos
429 1295 514 1372 tigris
529 1295 642 1353 errauit
657 1292 740 1362 duos,

178 1381 333 1460 utriusque
348 1380 476 1457 praedae
493 1379 596 1457 cupida
615 1376 683 1456 (quo
698 1380 828 1458 primurn
844 1379 920 1440 ferat

176 1465 290 1525 incerta
306 1483 424 1525 morsus
439 1463 532 1524 llectit
546 1463 605 1523 hue
620 1466 712 1523 rictus
727 1483 797 1526 suns

177 1547 227 1608 illo
244 1546 370 1610 reflectit
385 1558 414 1609 et
428 1548 536 1609 lamem
553 1547 671 1608 dubiam
688 1549 789 1628 tenet),

136 1641 164 1698 f'
220 1635 280 1694 Sic
296 1636 379 1695 dirus
393 1637 501 1694 Atreus
516 1635 611 1712 capita
628 1632 734 1693 deuota
749 1635 848 1714 inpiae

176 1718 347 1796 speculatur
362 1720 435 1779 irae.
462 1735 551 1796 quem
566 1719 648 1796 prius
664 1727 773 1779 mactet
787 1718 851 1789 sibi,

176 1803 307 1874 dubitat,
325 1804 456 1865 secunda
471 1803 579 1863 deinde
594 1821 682 1882 quem
698 1803 788 1863 caede
802 1803 933 1866 inmolet.

175 1906 233 1950 uec
250 1890 382 1958 interest,
398 1889 450 1949 sed
467 1887 582 1948 dubitat
598 1896 627 1947 et
642 1905 766 1948 saeuum
782 1887 879 1950 scelus

174 1974 260 2035 iuuat
275 1975 423 2034 ordinare.

175 2072 282 2121 cnon.
437 2076 525 2137 quern
540 2066 638 2117 tamen
655 2056 735 2119 ferro
752 2061 896 2137 occupat?

139 2165 158 2215 g
220 2156 325 2202 uvur.
349 2142 467 2202 Primus
482 2141 566 2202 locus
582 2141 630 2219 (ne
645 2142 749 2204 deesse
764 2145 904 2223 pietatem
918 2145 1014 2226 putes)

175 2247 233 2289 auo
250 2228 380 2298 dicatur,
397 2226 537 2287 Tantalus
552 2229 647 2304 prirna
664 2228 758 2288 hostia
775 2237 828 2290 est.

175 2325 280 2374 cnon.
304 2331 363 2391 quo
379 2313 494 2372 iuuenis
510 2313 620 2382 animo,
638 2329 696 2391 quo
710 2311 777 2373 tulit
792 2314 876 2374 uultu
890 2317 1014 2377 neeeml

137 2403 156 2453 h
218 2410 322 2458 nvur.
346 2398 430 2457 Stetit
445 2397 490 2457 sui
505 2414 629 2458 securus
646 2405 674 2457 et
689 2415 749 2457 nun
765 2407 808 2459 est
822 2417 928 2476 preces
1110 2407 1161 2455 720

175 2484 276 2562 perire
292 2483 386 2542 lrusta
404 2499 518 2558 passus.
553 2489 598 2542 ast
612 2480 654 2541 illi
669 2483 750 2542 ferus

173 2571 204 2628 in
220 2568 344 2628 uulnere
361 2585 461 2627 ensem
478 2565 633 2626 abscondit
648 2575 678 2627 et
692 2568 809 2645 penitus
823 2586 963 2648 premens

174 2652 276 2730 iugulo
292 2670 412 2711 manum
429 2651 585 2712 commisit.
613 2651 718 2710 educto
734 2654 814 2716 stetit

173 2737 256 2796 ferro
272 2737 399 2797 cadauer
416 2754 543 2814 cumque
559 2735 721 2797 dubitasset
736 2738 785 2798 diu

173 2822 230 2882 hac
245 2828 329 2901 parte
344 2839 381 2881 au
396 2820 444 2881 illa
461 2822 588 2887 caderet.
604 2822 636 2880 in
651 2829 788 2899 patruum
805 2825 892 2885 eadit.
1107 2828 1158 2878 725

134 2903 163 2960 h'
220 2906 306 2967 Tunc
321 2905 370 2966 ille
388 2907 422 2966 ad
440 2923 506 2966 aras
521 2904 702 2966 Plisthenem
718 2927 825 2970 saeuus
840 2907 930 2968 trahit
1021 2927 1023 2934 ’

173 2991 319 3070 adicitque
338 2991 431 3060 tratri,
450 2989 525 3052 colla
541 3009 682 3071 percussa
697 3002 840 3072 amputat,

174 3111 377 3120 .—-——-—-—.

242 3179 291 3227 704
309 3176 376 3226 deas
396 3193 415 3226 α
438 3177 503 3227 deos
521 3185 564 3241 ψε
586 3173 599 3244 Η
623 3180 672 3229 706
690 3179 802 3229 assiluit
820 3180 846 3229 A
869 3177 981 3228 adsistit
999 3177 1048 3242 Εψ
1064 3175 1077 3244 Η

172 3246 221 3294 709
239 3246 341 3310 primos
360 3261 379 3294 α
402 3245 516 3310 primum
534 3245 584 3309 Εψ
607 3242 618 3312 Η
642 3249 690 3297 710
708 3247 761 3297 hoe
778 3245 804 3296 E
822 3247 875 3295 huc
888 3247 913 3296 A
937 3242 949 3310 Η
972 3247 1088 3296 712111-

170 3327 217 3361 rus
242 3312 293 3362 ER
327 3299 446 3362 dirusA
484 3309 495 3378 Η
530 3316 579 3364 713
603 3315 762 3378 speculator
779 3315 828 3364 ER
852 3312 888 3377 (in
910 3313 933 3363 R
954 3326 1086 3377 suprascr.

171 3380 207 3430 al'
221 3381 276 3441 tur)
296 3380 458 3445 speculatur
476 3381 502 3429 A
524 3375 536 3446 Η
560 3386 664 3432 mactet
682 3384 776 3447 stygi
795 3383 827 3433 ei.
842 3383 918 3432 NHs.
941 3376 953 3446 Η
977 3384 1026 3433 714
1044 3399 1086 3433 se·

171 3447 289 3497 eandam
307 3448 333 3497 E
356 3447 478 3498 secunda
497 3449 523 3497 A
547 3444 558 3514 Η
583 3451 632 3500 715
650 3452 757 3498 tantum
777 3450 823 3514 (al'
837 3451 1079 3516 soeustrec.m.R)

169 3515 305 3567 seelus·A
332 3531 446 3566 saeuum
465 3530 504 3566 sc.
524 3516 550 3565 E
579 3512 590 3582 Η
