2502 3978
159 155 220 222 162
440 174 470 218 c.
489 173 623 220 ausser
639 172 796 220 scunchio

243 319 273 372 et
287 328 384 390 nuper
401 311 503 372 rubuit
521 310 661 390 nullaque
676 311 783 372 lucidis

243 395 339 457 nubes
353 397 502 456 sordidior
518 396 649 457 uultibus
665 397 784 456 obstitit.

122 574 150 640 γ’
286 568 392 626 Athos
407 564 524 626 solliciti
540 567 659 626 numine
675 566 794 627 turbido

242 657 367 711 tractam
382 649 547 712 thessalicis
562 651 743 712 carminibus
759 651 816 711 rati

241 737 364 795 tinnitus
379 735 529 796 dedimus:
553 744 585 796 tu
602 737 701 796 lucras
716 735 801 796 labor

243 827 272 880 et
292 829 324 881 tu
339 838 426 880 causa
445 837 562 886 morae.
586 828 615 881 te
631 819 686 880 dea
701 821 833 880 noctium

243 904 314 964 duni
330 913 444 982 spectat
459 905 571 965 celeres
587 905 725 966 sustinuit
739 906 812 965 uias.

286 1157 380 1229 Quam
396 1133 479 1236 grata
495 1169 539 1220 est
553 1160 642 1220 iacies
657 1167 744 1219 torua
759 1157 898 1230 uiriliter,

241 1251 272 1303 et
285 1243 402 1321 pondus
416 1244 526 1305 ueteris
541 1245 624 1304 triste
640 1243 779 1322 supercili

240 1504 349 1558 uexent
364 1495 440 1557 hanc
455 1497 560 1557 taciem
576 1497 685 1574 lrigora
702 1497 834 1575 parcius,

240 1582 314 1641 haec
329 1580 420 1641 soleru
437 1581 527 1642 iacies
541 1583 639 1641 ratius
654 1588 785 1659 appetat:

239 1664 351 1726 lucebit
366 1667 450 1744 pario
466 1683 615 1727 marmore
631 1666 755 1754 clarius

240 1749 361 1810 Phoebo
378 1749 452 1810 colla
468 1749 536 1811 licet
551 1749 703 1827 splendida
719 1766 873 1827 conpares,

281 1916 367 1978 lllum
384 1918 529 1979 caesaries
545 1919 643 1978 nescia
661 1917 769 1996 conligi

239 2002 420 2079 perfundens
436 2019 556 2063 umeros
573 2010 658 2063 ornat
674 2012 703 2063 et
717 2003 837 2080 integit,

239 2095 268 2147 te
285 2087 369 2146 lrons
386 2087 460 2147 hirta
478 2087 563 2148 decet
578 2095 608 2148 te
624 2087 746 2148 breuior
762 2105 846 2162 copia

238 2170 402 2248 nullalege
417 2172 525 2233 iacens.
556 2179 589 2232 tu
604 2170 673 2232 licet
688 2190 810 2250 asperos

237 2273 448 2335 pugnacesque
463 2257 534 2318 deos
550 2255 664 2316 uiribus
680 2257 789 2317 audeas

237 2348 267 2400 et
282 2342 357 2402 uasti
372 2342 466 2417 spatio
482 2342 603 2402 uincere
620 2344 768 2419 corporis:
1247 2397 1248 2447 1

203 2447 205 2454 ’
239 2443 347 2504 aequas
363 2424 521 2486 herculeos
536 2443 604 2485 nam
619 2427 735 2488 iuuenis
750 2433 832 2486 toros
921 2439 1078 2482 r.nxxv1111
1097 2437 1154 2487 815

238 2508 340 2568 Martis
354 2509 489 2586 belligeri
505 2516 627 2586 pectore
643 2508 741 2570 latior.
1097 2519 1153 2569 816
1246 2539 1247 2607 p

282 2677 319 2737 Et
335 2683 364 2738 tu
380 2678 546 2758 thyrsigera
561 2677 651 2738 Liber
666 2678 703 2738 ab
719 2678 816 2748 ludia,
1097 2689 1161 2739 761
1245 2677 1246 2767 l

238 2763 354 2821 intonsa
370 2762 487 2823 iuuenis
502 2769 681 2840 perpetuum
697 2781 782 2824 coma
1244 2807 1245 2820 ι

239 2847 331 2924 tigres
346 2848 503 2926 pampinea
519 2847 641 2924 cuspide
656 2849 798 2908 territans

238 2948 273 2991 ac
286 2932 375 2991 mitra
391 2929 534 2991 cohibens
549 2934 739 3008 cornigerum
756 2939 859 3010 caput,

237 3032 298 3075 non
313 3016 416 3075 uinces
431 3015 541 3091 rigidas
557 3014 706 3095 Hippolyti
722 3033 846 3077 comas·
1098 3028 1152 3078 765

239 3117 299 3160 nea
314 3097 414 3160 uultus
430 3100 553 3160 nimium
569 3101 713 3179 suspicias
729 3108 809 3161 tuos:

154 3205 356 3217 ————-—

222 3251 271 3299 798
288 3249 391 3300 lumine
410 3251 435 3300 Α
454 3251 564 3300 numine
583 3247 632 3318 ΕΗ
648 3253 707 3303 806.
725 3253 775 3303 807
793 3253 996 3317 huo-reuocant,
1015 3263 1077 3320 post

153 3329 197 3362 eoa
216 3317 377 3367 intercidisse
395 3319 514 3367 uidentur
533 3318 582 3368 duo
599 3336 640 3373 nu.
653 3316 665 3384 ΙΙ
676 3317 749 3372 81211.
763 3323 822 3372 813.
837 3322 888 3372 814
899 3324 1004 3386 spurios
1017 3339 1077 3374 esse

148 3386 225 3454 potat
243 3381 360 3447 Scaliger
381 3380 393 3448 ll
417 3386 467 3434 813
492 3383 591 3436 crceas
609 3387 634 3435 Α
655 3387 760 3439 audeas
778 3389 804 3438 Ε
823 3384 839 3462 fl
862 3390 913 3439 815
935 3405 1001 3440 nam
1024 3391 1076 3456 Εψ

153 3456 209 3491 ram
227 3460 245 3493 α
269 3443 281 3510 ΙΙ
303 3451 353 3498 766
370 3465 405 3499 ne
424 3451 474 3500 ΕΑ
493 3466 553 3500 neu
571 3456 602 3505 ci.
624 3454 702 3506 Gran.
727 3453 738 3522 Η
