<?xml version="1.0" encoding="UTF-8"?>
<!DOCTYPE html PUBLIC "-//W3C//DTD XHTML 1.0 Transitional//EN"
    "http://www.w3.org/TR/xhtml1/DTD/xhtml1-transitional.dtd">
<html xmlns="http://www.w3.org/1999/xhtml" xml:lang="en" lang="en">
 <head>
  <title>
</title>
<meta http-equiv="Content-Type" content="text/html;charset=utf-8" />
  <meta name='ocr-system' content='tesseract 3.04.00' />
  <meta name='ocr-capabilities' content='ocr_page ocr_carea ocr_par ocr_line ocrx_word'/>
</head>
<body>
  <div class='ocr_page' id='page_1' title='image "./lannaeisenecaet06senegoog_0044.png"; bbox 0 0 2516 3998; ppageno 0'>
   <div class='ocr_carea' id='block_1_1' title="bbox 71 0 894 3">
    <p class='ocr_par' dir='ltr' id='par_1_1' title="bbox 71 0 894 3">
     <span class='ocr_line' id='line_1_1' title="bbox 71 0 894 3; baseline 0 0"><span class='ocrx_word' id='word_1_1' title='bbox 71 0 894 3; x_wconf 95' lang='lat' dir='ltr'><strong> </strong></span> 
     </span>
    </p>
   </div>
   <div class='ocr_carea' id='block_1_2' title="bbox 480 215 1056 267">
    <p class='ocr_par' dir='ltr' id='par_1_2' title="bbox 480 215 1056 267">
     <span class='ocr_line' id='line_1_2' title="bbox 480 215 1056 267; baseline 0.007 -5"><span class='ocrx_word' id='word_1_2' title='bbox 480 215 679 265; x_wconf 74' lang='lat' dir='ltr'><strong>PRAEFATIO</strong></span> <span class='ocrx_word' id='word_1_3' title='bbox 901 219 1056 267; x_wconf 74' lang='lat' dir='ltr'>XXXVIIII</span> 
     </span>
    </p>
   </div>
   <div class='ocr_carea' id='block_1_3' title="bbox 107 375 1063 2140">
    <p class='ocr_par' dir='ltr' id='par_1_3' title="bbox 107 375 1056 535">
     <span class='ocr_line' id='line_1_3' title="bbox 107 375 1056 450; baseline 0.003 -18"><span class='ocrx_word' id='word_1_4' title='bbox 107 375 232 432; x_wconf 88' lang='lat' dir='ltr'><strong>notauit:</strong></span> <span class='ocrx_word' id='word_1_5' title='bbox 261 375 315 430; x_wconf 91' lang='lat' dir='ltr'><strong>lste</strong></span> <span class='ocrx_word' id='word_1_6' title='bbox 338 375 439 432; x_wconf 88' lang='lat' dir='ltr'><strong>Senece</strong></span> <span class='ocrx_word' id='word_1_7' title='bbox 466 375 536 432; x_wconf 89' lang='lat' dir='ltr'><strong>liher</strong></span> <span class='ocrx_word' id='word_1_8' title='bbox 556 383 663 450; x_wconf 88' lang='lat' dir='ltr'><strong>spectat</strong></span> <span class='ocrx_word' id='word_1_9' title='bbox 690 376 721 432; x_wconf 89' lang='lat' dir='ltr'><strong>ad</strong></span> <span class='ocrx_word' id='word_1_10' title='bbox 743 393 786 433; x_wconf 93' lang='lat' dir='ltr'><strong>me</strong></span> <span class='ocrx_word' id='word_1_11' title='bbox 805 378 865 433; x_wconf 91' lang='lat' dir='ltr'><strong>Joh.</strong></span> <span class='ocrx_word' id='word_1_12' title='bbox 887 377 1056 435; x_wconf 85' lang='lat' dir='ltr'><strong>Recordonis</strong></span> 
     </span>
     <span class='ocr_line' id='line_1_4' title="bbox 108 459 620 535; baseline 0.008 -21"><span class='ocrx_word' id='word_1_13' title='bbox 108 459 303 535; x_wconf 83' lang='lat' dir='ltr'><strong>presbyterum</strong></span> <span class='ocrx_word' id='word_1_14' title='bbox 320 459 389 515; x_wconf 84' lang='lat' dir='ltr'><strong>alme</strong></span> <span class='ocrx_word' id='word_1_15' title='bbox 404 461 468 517; x_wconf 83' lang='lat' dir='ltr'><strong>uier&#39;a</strong></span> <span class='ocrx_word' id='word_1_16' title='bbox 480 460 620 518; x_wconf 86' lang='lat' dir='ltr'><strong>ecclesie&#39;.</strong></span> 
     </span>
    </p>

    <p class='ocr_par' dir='ltr' id='par_1_4' title="bbox 109 543 1057 784">
     <span class='ocr_line' id='line_1_5' title="bbox 174 543 1056 620; baseline 0.005 -20"><span class='ocrx_word' id='word_1_17' title='bbox 174 544 250 600; x_wconf 86' lang='lat' dir='ltr'><strong>Gecli</strong></span> <span class='ocrx_word' id='word_1_18' title='bbox 266 543 357 600; x_wconf 92' lang='lat' dir='ltr'><strong>uerbis</strong></span> <span class='ocrx_word' id='word_1_19' title='bbox 372 545 542 601; x_wconf 85' lang='lat' dir='ltr'><strong>Hermaunus</strong></span> <span class='ocrx_word' id='word_1_20' title='bbox 557 545 653 620; x_wconf 86' lang='lat' dir='ltr'><strong>lllapp,</strong></span> <span class='ocrx_word' id='word_1_21' title='bbox 670 548 716 620; x_wconf 89' lang='lat' dir='ltr'><strong>qui</strong></span> <span class='ocrx_word' id='word_1_22' title='bbox 733 547 882 620; x_wconf 89' lang='lat' dir='ltr'><strong>scripturas</strong></span> <span class='ocrx_word' id='word_1_23' title='bbox 897 547 978 604; x_wconf 88' lang='lat' dir='ltr'><strong>huius</strong></span> <span class='ocrx_word' id='word_1_24' title='bbox 993 547 1056 604; x_wconf 83' lang='lat' dir='ltr'><strong>libri</strong></span> 
     </span>
     <span class='ocr_line' id='line_1_6' title="bbox 109 630 1057 704; baseline 0.005 -20"><span class='ocrx_word' id='word_1_25' title='bbox 109 630 138 684; x_wconf 92' lang='lat' dir='ltr'><strong>in</strong></span> <span class='ocrx_word' id='word_1_26' title='bbox 153 630 266 687; x_wconf 86' lang='lat' dir='ltr'><strong>Octauia</strong></span> <span class='ocrx_word' id='word_1_27' title='bbox 281 631 395 684; x_wconf 85' lang='lat' dir='ltr'><strong>maxima</strong></span> <span class='ocrx_word' id='word_1_28' title='bbox 411 647 471 685; x_wconf 91' lang='lat' dir='ltr'><strong>cum</strong></span> <span class='ocrx_word' id='word_1_29' title='bbox 487 630 629 704; x_wconf 80' lang='lat' dir='ltr'><strong>diligentia</strong></span> <span class='ocrx_word' id='word_1_30' title='bbox 644 633 672 686; x_wconf 88' lang='lat' dir='ltr'><strong>in</strong></span> <span class='ocrx_word' id='word_1_31' title='bbox 687 640 812 688; x_wconf 90' lang='lat' dir='ltr'><strong>nostrum</strong></span> <span class='ocrx_word' id='word_1_32' title='bbox 828 649 907 690; x_wconf 90' lang='lat' dir='ltr'><strong>usum</strong></span> <span class='ocrx_word' id='word_1_33' title='bbox 924 634 1057 696; x_wconf 87' lang='lat' dir='ltr'><strong>enotauit,</strong></span> 
     </span>
     <span class='ocr_line' id='line_1_7' title="bbox 110 713 531 784; baseline -0.01 -14"><span class='ocrx_word' id='word_1_34' title='bbox 110 713 185 770; x_wconf 89' lang='lat' dir='ltr'><strong>addit</strong></span> <span class='ocrx_word' id='word_1_35' title='bbox 200 713 298 771; x_wconf 88' lang='lat' dir='ltr'><strong>haece:</strong></span> <span class='ocrx_word' id='word_1_36' title='bbox 519 777 531 784; x_wconf 27' lang='grc' dir='ltr'>ῃ</span> 
     </span>
    </p>

    <p class='ocr_par' dir='ltr' id='par_1_5' title="bbox 110 798 1063 2140">
     <span class='ocr_line' id='line_1_8' title="bbox 176 798 1058 874; baseline 0.003 -20"><span class='ocrx_word' id='word_1_37' title='bbox 176 798 224 854; x_wconf 67' lang='lat' dir='ltr'><strong>‘ln</strong></span> <span class='ocrx_word' id='word_1_38' title='bbox 246 799 294 856; x_wconf 89' lang='lat' dir='ltr'><strong>der</strong></span> <span class='ocrx_word' id='word_1_39' title='bbox 314 798 496 874; x_wconf 87' lang='lat' dir='ltr'><strong>eigentlicheu</strong></span> <span class='ocrx_word' id='word_1_40' title='bbox 518 799 686 874; x_wconf 86' lang='lat' dir='ltr'><strong>subscriptio</strong></span> <span class='ocrx_word' id='word_1_41' title='bbox 713 802 750 856; x_wconf 91' lang='lat' dir='ltr'><strong>ist</strong></span> <span class='ocrx_word' id='word_1_42' title='bbox 771 803 889 874; x_wconf 90' lang='lat' dir='ltr'><strong>scriptus</strong></span> <span class='ocrx_word' id='word_1_43' title='bbox 913 801 1058 874; x_wconf 89' lang='lat' dir='ltr'><strong>corrigiert</strong></span> 
     </span>
     <span class='ocr_line' id='line_1_9' title="bbox 110 883 1059 957; baseline 0 -17"><span class='ocrx_word' id='word_1_44' title='bbox 110 901 160 940; x_wconf 88' lang='lat' dir='ltr'><strong>aus</strong></span> <span class='ocrx_word' id='word_1_45' title='bbox 182 885 329 956; x_wconf 88' lang='lat' dir='ltr'><strong>scriptum;</strong></span> <span class='ocrx_word' id='word_1_46' title='bbox 358 883 449 939; x_wconf 88' lang='lat' dir='ltr'><strong>lerner</strong></span> <span class='ocrx_word' id='word_1_47' title='bbox 470 883 544 940; x_wconf 89' lang='lat' dir='ltr'><strong>steht</strong></span> <span class='ocrx_word' id='word_1_48' title='bbox 564 884 596 940; x_wconf 91' lang='lat' dir='ltr'><strong>da</strong></span> <span class='ocrx_word' id='word_1_49' title='bbox 618 885 721 957; x_wconf 87' lang='lat' dir='ltr'><strong>guill&#39;o.</strong></span> <span class='ocrx_word' id='word_1_50' title='bbox 766 885 796 942; x_wconf 94' lang='lat' dir='ltr'><strong>ln</strong></span> <span class='ocrx_word' id='word_1_51' title='bbox 816 885 865 941; x_wconf 90' lang='lat' dir='ltr'><strong>der</strong></span> <span class='ocrx_word' id='word_1_52' title='bbox 883 885 1000 957; x_wconf 85' lang='lat' dir='ltr'><strong>jareszal</strong></span> <span class='ocrx_word' id='word_1_53' title='bbox 1021 887 1059 940; x_wconf 87' lang='lat' dir='ltr'><strong>ist</strong></span> 
     </span>
     <span class='ocr_line' id='line_1_10' title="bbox 112 967 1058 1026; baseline 0.001 -3"><span class='ocrx_word' id='word_1_54' title='bbox 112 967 180 1024; x_wconf 86' lang='lat' dir='ltr'><strong>nach</strong></span> <span class='ocrx_word' id='word_1_55' title='bbox 202 983 261 1025; x_wconf 86' lang='lat' dir='ltr'><strong>cco</strong></span> <span class='ocrx_word' id='word_1_56' title='bbox 282 969 325 1023; x_wconf 95' lang='lat' dir='ltr'><strong>ein</strong></span> <span class='ocrx_word' id='word_1_57' title='bbox 340 967 492 1026; x_wconf 86' lang='lat' dir='ltr'><strong>buohstabe</strong></span> <span class='ocrx_word' id='word_1_58' title='bbox 512 986 544 1024; x_wconf 95' lang='lat' dir='ltr'><strong>so</strong></span> <span class='ocrx_word' id='word_1_59' title='bbox 565 969 667 1025; x_wconf 91' lang='lat' dir='ltr'><strong>radiert</strong></span> <span class='ocrx_word' id='word_1_60' title='bbox 689 969 751 1024; x_wconf 89' lang='lat' dir='ltr'><strong>dass</strong></span> <span class='ocrx_word' id='word_1_61' title='bbox 773 970 815 1024; x_wconf 88' lang='lat' dir='ltr'><strong>ein</strong></span> <span class='ocrx_word' id='word_1_62' title='bbox 836 969 899 1026; x_wconf 92' lang='lat' dir='ltr'><strong>loch</strong></span> <span class='ocrx_word' id='word_1_63' title='bbox 921 970 958 1026; x_wconf 85' lang='lat' dir='ltr'><strong>ins</strong></span> <span class='ocrx_word' id='word_1_64' title='bbox 973 969 1058 1026; x_wconf 90' lang='lat' dir='ltr'><strong>hlatte</strong></span> 
     </span>
     <span class='ocr_line' id='line_1_11' title="bbox 112 1051 1060 1126; baseline 0.001 -19"><span class='ocrx_word' id='word_1_65' title='bbox 112 1051 199 1115; x_wconf 84' lang='lat' dir='ltr'><strong>hlieb,</strong></span> <span class='ocrx_word' id='word_1_66' title='bbox 224 1053 326 1108; x_wconf 85' lang='lat' dir='ltr'><strong>donno</strong></span> <span class='ocrx_word' id='word_1_67' title='bbox 348 1052 464 1108; x_wconf 84' lang='lat' dir='ltr'><strong>darriher</strong></span> <span class='ocrx_word' id='word_1_68' title='bbox 480 1053 665 1126; x_wconf 89' lang='lat' dir='ltr'><strong>geschriehen.</strong></span> <span class='ocrx_word' id='word_1_69' title='bbox 698 1051 825 1111; x_wconf 83' lang='lat' dir='ltr'><strong>Scholion</strong></span> <span class='ocrx_word' id='word_1_70' title='bbox 840 1069 892 1110; x_wconf 91' lang='lat' dir='ltr'><strong>von</strong></span> <span class='ocrx_word' id='word_1_71' title='bbox 908 1054 994 1110; x_wconf 87' lang='lat' dir='ltr'>denen</span> <span class='ocrx_word' id='word_1_72' title='bbox 1011 1054 1060 1109; x_wconf 93' lang='lat' dir='ltr'><strong>der</strong></span> 
     </span>
     <span class='ocr_line' id='line_1_12' title="bbox 112 1137 1058 1213; baseline 0 -19"><span class='ocrx_word' id='word_1_73' title='bbox 112 1137 222 1210; x_wconf 78' lang='lat' dir='ltr'><strong>catalog</strong></span> <span class='ocrx_word' id='word_1_74' title='bbox 239 1137 358 1213; x_wconf 88' lang='lat' dir='ltr'><strong>spricht,</strong></span> <span class='ocrx_word' id='word_1_75' title='bbox 380 1137 471 1193; x_wconf 89' lang='lat' dir='ltr'><strong>finden</strong></span> <span class='ocrx_word' id='word_1_76' title='bbox 486 1138 544 1194; x_wconf 87' lang='lat' dir='ltr'><strong>sich</strong></span> <span class='ocrx_word' id='word_1_77' title='bbox 565 1139 592 1193; x_wconf 92' lang='lat' dir='ltr'><strong>in</strong></span> <span class='ocrx_word' id='word_1_78' title='bbox 609 1138 657 1194; x_wconf 91' lang='lat' dir='ltr'><strong>der</strong></span> <span class='ocrx_word' id='word_1_79' title='bbox 673 1137 785 1194; x_wconf 89' lang='lat' dir='ltr'><strong>Octauia</strong></span> <span class='ocrx_word' id='word_1_80' title='bbox 801 1139 884 1194; x_wconf 88' lang='lat' dir='ltr'><strong>nicht.</strong></span> <span class='ocrx_word' id='word_1_81' title='bbox 924 1139 976 1194; x_wconf 88' lang='lat' dir='ltr'><strong>ller</strong></span> <span class='ocrx_word' id='word_1_82' title='bbox 997 1137 1058 1194; x_wconf 89' lang='lat' dir='ltr'><strong>titel</strong></span> 
     </span>
     <span class='ocr_line' id='line_1_13' title="bbox 110 1221 1060 1301; baseline 0.004 -25"><span class='ocrx_word' id='word_1_83' title='bbox 110 1221 161 1276; x_wconf 92' lang='lat' dir='ltr'><strong>der</strong></span> <span class='ocrx_word' id='word_1_84' title='bbox 182 1229 274 1277; x_wconf 89' lang='lat' dir='ltr'><strong>ersten</strong></span> <span class='ocrx_word' id='word_1_85' title='bbox 294 1230 364 1294; x_wconf 89' lang='lat' dir='ltr'><strong>trag.</strong></span> <span class='ocrx_word' id='word_1_86' title='bbox 381 1223 418 1278; x_wconf 93' lang='lat' dir='ltr'><strong>ist</strong></span> <span class='ocrx_word' id='word_1_87' title='bbox 432 1222 508 1278; x_wconf 90' lang='lat' dir='ltr'><strong>nicht</strong></span> <span class='ocrx_word' id='word_1_88' title='bbox 529 1230 656 1294; x_wconf 91' lang='lat' dir='ltr'><strong>genannt.</strong></span> <span class='ocrx_word' id='word_1_89' title='bbox 687 1222 826 1301; x_wconf 75' lang='lat' dir='ltr'><strong>amende</strong></span> <span class='ocrx_word' id='word_1_90' title='bbox 847 1223 922 1278; x_wconf 91' lang='lat' dir='ltr'><strong>steht</strong></span> <span class='ocrx_word' id='word_1_91' title='bbox 936 1222 1060 1282; x_wconf 88' lang='lat' dir='ltr'><strong>Secunda</strong></span> 
     </span>
     <span class='ocr_line' id='line_1_14' title="bbox 114 1305 1058 1378; baseline 0.001 -17"><span class='ocrx_word' id='word_1_92' title='bbox 114 1307 237 1378; x_wconf 80' lang='lat' dir='ltr'><strong>tragedia</strong></span> <span class='ocrx_word' id='word_1_93' title='bbox 259 1307 410 1362; x_wconf 87' lang='lat' dir='ltr'><strong>thiestes</strong></span> <span class='ocrx_word' id='word_1_94' title='bbox 433 1316 465 1362; x_wconf 88' lang='lat' dir='ltr'><strong>et</strong></span> <span class='ocrx_word' id='word_1_95' title='bbox 480 1310 571 1362; x_wconf 89' lang='lat' dir='ltr'><strong>atrei</strong></span> <span class='ocrx_word' id='word_1_96' title='bbox 586 1307 743 1364; x_wconf 80' lang='lat' dir='ltr'><strong>fratrum.</strong></span> <span class='ocrx_word' id='word_1_97' title='bbox 773 1309 822 1362; x_wconf 83' lang='lat' dir='ltr'><strong>Am</strong></span> <span class='ocrx_word' id='word_1_98' title='bbox 839 1307 907 1364; x_wconf 90' lang='lat' dir='ltr'><strong>ende</strong></span> <span class='ocrx_word' id='word_1_99' title='bbox 923 1307 970 1362; x_wconf 93' lang='lat' dir='ltr'><strong>der</strong></span> <span class='ocrx_word' id='word_1_100' title='bbox 986 1305 1058 1364; x_wconf 69' lang='lat'>2¹0¹¹2</span> 
     </span>
     <span class='ocr_line' id='line_1_15' title="bbox 112 1390 1059 1466; baseline 0 -20"><span class='ocrx_word' id='word_1_101' title='bbox 112 1391 250 1464; x_wconf 80' lang='lat' dir='ltr'><strong>Incipiunt</strong></span> <span class='ocrx_word' id='word_1_102' title='bbox 276 1390 294 1446; x_wconf 80' lang='lat'><strong>3</strong></span> <span class='ocrx_word' id='word_1_103' title='bbox 322 1391 452 1466; x_wconf 81' lang='lat' dir='ltr'><strong>tragedia.</strong></span> <span class='ocrx_word' id='word_1_104' title='bbox 488 1408 509 1446; x_wconf 91' lang='lat' dir='ltr'><strong>s.</strong></span> <span class='ocrx_word' id='word_1_105' title='bbox 539 1408 640 1448; x_wconf 89' lang='lat' dir='ltr'><strong>cecus</strong></span> <span class='ocrx_word' id='word_1_106' title='bbox 668 1391 815 1465; x_wconf 91' lang='lat' dir='ltr'><strong>edippus</strong></span> <span class='ocrx_word' id='word_1_107' title='bbox 844 1391 875 1447; x_wconf 91' lang='lat' dir='ltr'><strong>ad</strong></span> <span class='ocrx_word' id='word_1_108' title='bbox 903 1391 1059 1464; x_wconf 89' lang='lat' dir='ltr'><strong>antigonem</strong></span> 
     </span>
     <span class='ocr_line' id='line_1_16' title="bbox 113 1475 1058 1550; baseline 0 -20"><span class='ocrx_word' id='word_1_109' title='bbox 113 1475 196 1532; x_wconf 87' lang='lat' dir='ltr'><strong>filiam</strong></span> <span class='ocrx_word' id='word_1_110' title='bbox 219 1493 306 1531; x_wconf 90' lang='lat' dir='ltr'><strong>suam.</strong></span> <span class='ocrx_word' id='word_1_111' title='bbox 341 1477 390 1530; x_wconf 80' lang='lat' dir='ltr'><strong>dm</strong></span> <span class='ocrx_word' id='word_1_112' title='bbox 410 1475 478 1530; x_wconf 89' lang='lat' dir='ltr'><strong>ende</strong></span> <span class='ocrx_word' id='word_1_113' title='bbox 498 1475 546 1531; x_wconf 92' lang='lat' dir='ltr'><strong>der</strong></span> <span class='ocrx_word' id='word_1_114' title='bbox 568 1475 641 1539; x_wconf 66' lang='lat'>3¹⁸⁰:</span> <span class='ocrx_word' id='word_1_115' title='bbox 666 1475 796 1549; x_wconf 82' lang='lat' dir='ltr'><strong>Sequitur</strong></span> <span class='ocrx_word' id='word_1_116' title='bbox 817 1484 914 1548; x_wconf 90' lang='lat' dir='ltr'><strong>quarta</strong></span> <span class='ocrx_word' id='word_1_117' title='bbox 935 1475 1058 1550; x_wconf 78' lang='lat' dir='ltr'><strong>tragedia</strong></span> 
     </span>
     <span class='ocr_line' id='line_1_17' title="bbox 114 1559 1059 1634; baseline -0.001 -19"><span class='ocrx_word' id='word_1_118' title='bbox 114 1561 152 1616; x_wconf 94' lang='lat' dir='ltr'><strong>de</strong></span> <span class='ocrx_word' id='word_1_119' title='bbox 179 1559 321 1634; x_wconf 87' lang='lat' dir='ltr'><strong>ypolito</strong></span> <span class='ocrx_word' id='word_1_120' title='bbox 347 1560 436 1617; x_wconf 91' lang='lat' dir='ltr'><strong>thesei</strong></span> <span class='ocrx_word' id='word_1_121' title='bbox 457 1577 489 1615; x_wconf 92' lang='lat' dir='ltr'><strong>ex</strong></span> <span class='ocrx_word' id='word_1_122' title='bbox 509 1561 604 1634; x_wconf 85' lang='lat' dir='ltr'><strong>regina</strong></span> <span class='ocrx_word' id='word_1_123' title='bbox 624 1575 782 1617; x_wconf 85' lang='lat' dir='ltr'><strong>amazonum</strong></span> <span class='ocrx_word' id='word_1_124' title='bbox 804 1559 870 1618; x_wconf 90' lang='lat' dir='ltr'><strong>lilio.</strong></span> <span class='ocrx_word' id='word_1_125' title='bbox 909 1568 936 1616; x_wconf 93' lang='lat' dir='ltr'><strong>et</strong></span> <span class='ocrx_word' id='word_1_126' title='bbox 956 1559 1059 1634; x_wconf 88' lang='lat' dir='ltr'><strong>phedre</strong></span> 
     </span>
     <span class='ocr_line' id='line_1_18' title="bbox 113 1643 1063 1719; baseline -0.001 -19"><span class='ocrx_word' id='word_1_127' title='bbox 113 1645 254 1719; x_wconf 92' lang='lat' dir='ltr'><strong>priuignio</strong></span> <span class='ocrx_word' id='word_1_128' title='bbox 271 1661 319 1700; x_wconf 88' lang='lat' dir='ltr'><strong>seu</strong></span> <span class='ocrx_word' id='word_1_129' title='bbox 335 1643 499 1718; x_wconf 80' lang='lat' dir='ltr'><strong>phylocatoe</strong></span> <span class='ocrx_word' id='word_1_130' title='bbox 515 1653 542 1699; x_wconf 87' lang='lat' dir='ltr'><strong>et</strong></span> <span class='ocrx_word' id='word_1_131' title='bbox 552 1661 601 1717; x_wconf 90' lang='lat' dir='ltr'><strong>per</strong></span> <span class='ocrx_word' id='word_1_132' title='bbox 617 1659 675 1701; x_wconf 90' lang='lat' dir='ltr'><strong>eam</strong></span> <span class='ocrx_word' id='word_1_133' title='bbox 691 1647 857 1716; x_wconf 91' lang='lat' dir='ltr'><strong>interempto</strong></span> <span class='ocrx_word' id='word_1_134' title='bbox 873 1653 900 1698; x_wconf 86' lang='lat' dir='ltr'><strong>et</strong></span> <span class='ocrx_word' id='word_1_135' title='bbox 914 1645 1063 1700; x_wconf 86' lang='lat' dir='ltr'><strong>crudeliter</strong></span> 
     </span>
     <span class='ocr_line' id='line_1_19' title="bbox 115 1727 1061 1803; baseline -0.002 -17"><span class='ocrx_word' id='word_1_136' title='bbox 115 1733 174 1803; x_wconf 90' lang='lat' dir='ltr'><strong>ipso</strong></span> <span class='ocrx_word' id='word_1_137' title='bbox 191 1730 301 1800; x_wconf 89' lang='lat' dir='ltr'><strong>uirgine</strong></span> <span class='ocrx_word' id='word_1_138' title='bbox 321 1728 449 1786; x_wconf 85' lang='lat' dir='ltr'><strong>lacerato.</strong></span> <span class='ocrx_word' id='word_1_139' title='bbox 479 1731 529 1784; x_wconf 83' lang='lat' dir='ltr'><strong>Am</strong></span> <span class='ocrx_word' id='word_1_140' title='bbox 545 1728 612 1784; x_wconf 88' lang='lat' dir='ltr'><strong>ende</strong></span> <span class='ocrx_word' id='word_1_141' title='bbox 628 1729 677 1784; x_wconf 94' lang='lat' dir='ltr'><strong>der</strong></span> <span class='ocrx_word' id='word_1_142' title='bbox 692 1727 765 1784; x_wconf 67' lang='lat'><em>4‘0112</em></span> <span class='ocrx_word' id='word_1_143' title='bbox 788 1727 862 1783; x_wconf 84' lang='lat' dir='ltr'><strong>Finis</strong></span> <span class='ocrx_word' id='word_1_144' title='bbox 878 1727 975 1801; x_wconf 85' lang='lat' dir='ltr'><strong>ypoliti</strong></span> <span class='ocrx_word' id='word_1_145' title='bbox 990 1728 1061 1784; x_wconf 92' lang='lat' dir='ltr'><strong>cele·</strong></span> 
     </span>
     <span class='ocr_line' id='line_1_20' title="bbox 114 1811 1063 1886; baseline -0.001 -17"><span class='ocrx_word' id='word_1_146' title='bbox 114 1814 156 1870; x_wconf 90' lang='lat' dir='ltr'><strong>his</strong></span> <span class='ocrx_word' id='word_1_147' title='bbox 178 1814 301 1886; x_wconf 85' lang='lat' dir='ltr'><strong>tragedie</strong></span> <span class='ocrx_word' id='word_1_148' title='bbox 324 1821 401 1869; x_wconf 91' lang='lat' dir='ltr'><strong>tetre.</strong></span> <span class='ocrx_word' id='word_1_149' title='bbox 436 1813 469 1868; x_wconf 91' lang='lat' dir='ltr'><strong>Et</strong></span> <span class='ocrx_word' id='word_1_150' title='bbox 490 1814 646 1885; x_wconf 88' lang='lat' dir='ltr'><strong>requiescat</strong></span> <span class='ocrx_word' id='word_1_151' title='bbox 667 1815 694 1868; x_wconf 84' lang='lat' dir='ltr'><strong>in</strong></span> <span class='ocrx_word' id='word_1_152' title='bbox 715 1828 789 1885; x_wconf 87' lang='lat' dir='ltr'><strong>pace.</strong></span> <span class='ocrx_word' id='word_1_153' title='bbox 811 1813 903 1867; x_wconf 79' lang='lat' dir='ltr'><strong>Amen.</strong></span> <span class='ocrx_word' id='word_1_154' title='bbox 948 1811 1063 1868; x_wconf 89' lang='lat' dir='ltr'><strong>lnchoat</strong></span> 
     </span>
     <span class='ocr_line' id='line_1_21' title="bbox 116 1897 1061 1972; baseline -0.001 -19"><span class='ocrx_word' id='word_1_155' title='bbox 116 1899 197 1971; x_wconf 91' lang='lat' dir='ltr'><strong>quina</strong></span> <span class='ocrx_word' id='word_1_156' title='bbox 209 1897 343 1972; x_wconf 88' lang='lat' dir='ltr'><strong>pestilens</strong></span> <span class='ocrx_word' id='word_1_157' title='bbox 356 1897 443 1954; x_wconf 91' lang='lat' dir='ltr'><strong>adhuc</strong></span> <span class='ocrx_word' id='word_1_158' title='bbox 454 1897 489 1953; x_wconf 92' lang='lat' dir='ltr'><strong>ed</strong></span> <span class='ocrx_word' id='word_1_159' title='bbox 498 1899 506 1951; x_wconf 97' lang='lat' dir='ltr'><strong>i</strong></span> <span class='ocrx_word' id='word_1_160' title='bbox 512 1899 571 1970; x_wconf 93' lang='lat' dir='ltr'><strong>ppi</strong></span> <span class='ocrx_word' id='word_1_161' title='bbox 588 1899 669 1953; x_wconf 85' lang='lat' dir='ltr'><strong>ceci.</strong></span> <span class='ocrx_word' id='word_1_162' title='bbox 687 1897 804 1970; x_wconf 88' lang='lat' dir='ltr'><strong>qualiter</strong></span> <span class='ocrx_word' id='word_1_163' title='bbox 816 1913 895 1952; x_wconf 90' lang='lat' dir='ltr'><strong>suurn</strong></span> <span class='ocrx_word' id='word_1_164' title='bbox 907 1897 1061 1970; x_wconf 90' lang='lat' dir='ltr'><strong>primeuum</strong></span> 
     </span>
     <span class='ocr_line' id='line_1_22' title="bbox 114 1981 1061 2056; baseline 0 -18"><span class='ocrx_word' id='word_1_165' title='bbox 114 1999 216 2056; x_wconf 90' lang='lat' dir='ltr'><strong>uesper</strong></span> <span class='ocrx_word' id='word_1_166' title='bbox 232 1998 261 2038; x_wconf 91' lang='lat' dir='ltr'><strong>se</strong></span> <span class='ocrx_word' id='word_1_167' title='bbox 276 1983 337 2038; x_wconf 90' lang='lat' dir='ltr'><strong>huit</strong></span> <span class='ocrx_word' id='word_1_168' title='bbox 354 1989 442 2038; x_wconf 86' lang='lat' dir='ltr'><strong>textus</strong></span> <span class='ocrx_word' id='word_1_169' title='bbox 458 1989 533 2056; x_wconf 89' lang='lat' dir='ltr'><strong>patet</strong></span> <span class='ocrx_word' id='word_1_170' title='bbox 549 1983 596 2055; x_wconf 93' lang='lat' dir='ltr'><strong>qui</strong></span> <span class='ocrx_word' id='word_1_171' title='bbox 612 1983 746 2056; x_wconf 86' lang='lat' dir='ltr'><strong>sequitur.</strong></span> <span class='ocrx_word' id='word_1_172' title='bbox 776 1984 825 2037; x_wconf 80' lang='lat' dir='ltr'><strong>Am</strong></span> <span class='ocrx_word' id='word_1_173' title='bbox 841 1981 909 2038; x_wconf 90' lang='lat' dir='ltr'><strong>ende</strong></span> <span class='ocrx_word' id='word_1_174' title='bbox 924 1981 972 2038; x_wconf 94' lang='lat' dir='ltr'><strong>der</strong></span> <span class='ocrx_word' id='word_1_175' title='bbox 987 1981 1061 2038; x_wconf 54' lang='lat' dir='ltr'><strong>gun:</strong></span> 
     </span>
     <span class='ocr_line' id='line_1_23' title="bbox 113 2065 1063 2140; baseline -0.001 -18"><span class='ocrx_word' id='word_1_176' title='bbox 113 2067 233 2140; x_wconf 82' lang='lat' dir='ltr'><strong>Explicit</strong></span> <span class='ocrx_word' id='word_1_177' title='bbox 253 2068 309 2124; x_wconf 89' lang='lat' dir='ltr'><strong>ceci</strong></span> <span class='ocrx_word' id='word_1_178' title='bbox 323 2072 367 2124; x_wconf 64' lang='lat' dir='ltr'><strong>vi.</strong></span> <span class='ocrx_word' id='word_1_179' title='bbox 397 2067 494 2139; x_wconf 88' lang='lat' dir='ltr'><strong>lncipit</strong></span> <span class='ocrx_word' id='word_1_180' title='bbox 510 2065 543 2122; x_wconf 69' lang='lat'><strong>6⁸</strong></span> <span class='ocrx_word' id='word_1_181' title='bbox 565 2067 693 2122; x_wconf 90' lang='lat' dir='ltr'><strong>excidii</strong></span> <span class='ocrx_word' id='word_1_182' title='bbox 714 2068 809 2122; x_wconf 90' lang='lat' dir='ltr'><strong>troie</strong></span> <span class='ocrx_word' id='word_1_183' title='bbox 830 2074 858 2122; x_wconf 89' lang='lat' dir='ltr'><strong>et</strong></span> <span class='ocrx_word' id='word_1_184' title='bbox 872 2066 998 2140; x_wconf 88' lang='lat' dir='ltr'><strong>planctus</strong></span> <span class='ocrx_word' id='word_1_185' title='bbox 1014 2066 1063 2122; x_wconf 92' lang='lat' dir='ltr'><strong>he·</strong></span> 
     </span>
    </p>
   </div>
   <div class='ocr_carea' id='block_1_4' title="bbox 114 2155 1064 2520">
    <p class='ocr_par' dir='ltr' id='par_1_6' title="bbox 114 2155 1064 2520">
     <span class='ocr_line' id='line_1_24' title="bbox 114 2155 1063 2258; baseline -0.001 -17"><span class='ocrx_word' id='word_1_186' title='bbox 114 2185 182 2241; x_wconf 89' lang='lat' dir='ltr'><strong>cuhe</strong></span> <span class='ocrx_word' id='word_1_187' title='bbox 205 2202 266 2240; x_wconf 93' lang='lat' dir='ltr'><strong>cum</strong></span> <span class='ocrx_word' id='word_1_188' title='bbox 290 2185 374 2242; x_wconf 94' lang='lat' dir='ltr'><strong>choro</strong></span> <span class='ocrx_word' id='word_1_189' title='bbox 397 2192 448 2240; x_wconf 91' lang='lat' dir='ltr'><strong>etc.</strong></span> <span class='ocrx_word' id='word_1_190' title='bbox 484 2186 533 2238; x_wconf 81' lang='lat' dir='ltr'><strong>Am</strong></span> <span class='ocrx_word' id='word_1_191' title='bbox 555 2185 622 2239; x_wconf 88' lang='lat' dir='ltr'><strong>ende</strong></span> <span class='ocrx_word' id='word_1_192' title='bbox 644 2183 692 2240; x_wconf 89' lang='lat' dir='ltr'><strong>der</strong></span> <span class='ocrx_word' id='word_1_193' title='bbox 714 2182 785 2240; x_wconf 63' lang='lat'><strong>6⁸⁰³:</strong></span> <span class='ocrx_word' id='word_1_194' title='bbox 808 2181 924 2257; x_wconf 76' lang='lat' dir='ltr'><strong>Explicit</strong></span> <span class='ocrx_word' id='word_1_195' title='bbox 946 2155 1008 2258; x_wconf 58' lang='lat' dir='ltr'><strong>traag</strong></span> <span class='ocrx_word' id='word_1_196' title='bbox 1027 2199 1063 2242; x_wconf 86' lang='lat' dir='ltr'><strong>vr</strong></span> 
     </span>
     <span class='ocr_line' id='line_1_25' title="bbox 115 2257 1064 2344; baseline -0.004 -18"><span class='ocrx_word' id='word_1_197' title='bbox 115 2286 181 2344; x_wconf 90' lang='lat' dir='ltr'><strong>que</strong></span> <span class='ocrx_word' id='word_1_198' title='bbox 202 2257 481 2326; x_wconf 81' lang='lat' dir='ltr'><strong>fertur&#39;hecuha.</strong></span> <span class='ocrx_word' id='word_1_199' title='bbox 511 2268 609 2342; x_wconf 91' lang='lat' dir='ltr'><strong>lncipit</strong></span> <span class='ocrx_word' id='word_1_200' title='bbox 625 2271 740 2341; x_wconf 88' lang='lat' dir='ltr'><strong>septima</strong></span> <span class='ocrx_word' id='word_1_201' title='bbox 757 2285 809 2342; x_wconf 92' lang='lat' dir='ltr'><strong>que</strong></span> <span class='ocrx_word' id='word_1_202' title='bbox 825 2268 940 2324; x_wconf 85' lang='lat' dir='ltr'><strong>medea</strong></span> <span class='ocrx_word' id='word_1_203' title='bbox 962 2268 1064 2325; x_wconf 91' lang='lat' dir='ltr'><strong>dicitur</strong></span> 
     </span>
     <span class='ocr_line' id='line_1_26' title="bbox 114 2351 1064 2426; baseline -0.002 -18"><span class='ocrx_word' id='word_1_204' title='bbox 114 2356 141 2408; x_wconf 95' lang='lat' dir='ltr'><strong>in</strong></span> <span class='ocrx_word' id='word_1_205' title='bbox 162 2355 251 2410; x_wconf 90' lang='lat' dir='ltr'><strong>iason.</strong></span> <span class='ocrx_word' id='word_1_206' title='bbox 282 2358 331 2408; x_wconf 84' lang='lat' dir='ltr'><strong>Am</strong></span> <span class='ocrx_word' id='word_1_207' title='bbox 352 2353 421 2408; x_wconf 89' lang='lat' dir='ltr'><strong>ende</strong></span> <span class='ocrx_word' id='word_1_208' title='bbox 443 2353 491 2408; x_wconf 91' lang='lat' dir='ltr'><strong>der</strong></span> <span class='ocrx_word' id='word_1_209' title='bbox 507 2351 577 2408; x_wconf 49' lang='lat' dir='ltr'><strong>pren:</strong></span> <span class='ocrx_word' id='word_1_210' title='bbox 600 2353 717 2426; x_wconf 83' lang='lat' dir='ltr'><strong>Explicit</strong></span> <span class='ocrx_word' id='word_1_211' title='bbox 731 2353 825 2408; x_wconf 89' lang='lat' dir='ltr'><strong>medea</strong></span> <span class='ocrx_word' id='word_1_212' title='bbox 845 2360 915 2426; x_wconf 90' lang='lat' dir='ltr'><strong>trag.</strong></span> <span class='ocrx_word' id='word_1_213' title='bbox 932 2369 987 2410; x_wconf 87' lang='lat' dir='ltr'>v11.</span> <span class='ocrx_word' id='word_1_214' title='bbox 1020 2352 1064 2406; x_wconf 93' lang='lat' dir='ltr'><strong>ln·</strong></span> 
     </span>
     <span class='ocr_line' id='line_1_27' title="bbox 114 2435 1063 2520; baseline -0.002 -27"><span class='ocrx_word' id='word_1_215' title='bbox 114 2441 180 2512; x_wconf 88' lang='lat' dir='ltr'><strong>cipit</strong></span> <span class='ocrx_word' id='word_1_216' title='bbox 195 2455 255 2496; x_wconf 85' lang='lat' dir='ltr'><strong>vrxr</strong></span> <span class='ocrx_word' id='word_1_217' title='bbox 279 2455 331 2512; x_wconf 90' lang='lat' dir='ltr'><strong>que</strong></span> <span class='ocrx_word' id='word_1_218' title='bbox 344 2441 543 2512; x_wconf 83' lang='lat' dir='ltr'><strong>-Agamenon</strong></span> <span class='ocrx_word' id='word_1_219' title='bbox 564 2436 730 2493; x_wconf 88' lang='lat' dir='ltr'><strong>intitulatur.</strong></span> <span class='ocrx_word' id='word_1_220' title='bbox 766 2439 816 2491; x_wconf 83' lang='lat' dir='ltr'><strong>Am</strong></span> <span class='ocrx_word' id='word_1_221' title='bbox 838 2435 905 2491; x_wconf 91' lang='lat' dir='ltr'><strong>ende</strong></span> <span class='ocrx_word' id='word_1_222' title='bbox 926 2435 974 2491; x_wconf 92' lang='lat' dir='ltr'><strong>der</strong></span> <span class='ocrx_word' id='word_1_223' title='bbox 989 2435 1063 2520; x_wconf 61' lang='lat'><strong>8¹0¹{2</strong></span> 
     </span>
    </p>
   </div>
   <div class='ocr_carea' id='block_1_5' title="bbox 77 2524 1136 3590">
    <p class='ocr_par' dir='ltr' id='par_1_7' title="bbox 112 2524 1136 2883">
     <span class='ocr_line' id='line_1_28' title="bbox 112 2524 1136 2628; baseline -0.006 -16"><span class='ocrx_word' id='word_1_224' title='bbox 112 2555 188 2613; x_wconf 91' lang='lat' dir='ltr'><strong>Lucii</strong></span> <span class='ocrx_word' id='word_1_225' title='bbox 220 2558 300 2612; x_wconf 91' lang='lat' dir='ltr'><strong>aunei</strong></span> <span class='ocrx_word' id='word_1_226' title='bbox 330 2571 427 2612; x_wconf 90' lang='lat' dir='ltr'><strong>senece</strong></span> <span class='ocrx_word' id='word_1_227' title='bbox 457 2560 615 2628; x_wconf 86' lang='lat' dir='ltr'><strong>Agamenon</strong></span> <span class='ocrx_word' id='word_1_228' title='bbox 646 2553 763 2626; x_wconf 87' lang='lat' dir='ltr'><strong>explicit.</strong></span> <span class='ocrx_word' id='word_1_229' title='bbox 808 2551 906 2626; x_wconf 91' lang='lat' dir='ltr'><strong>Incipit</strong></span> <span class='ocrx_word' id='word_1_230' title='bbox 936 2524 1063 2609; x_wconf 62' lang='lat' dir='ltr'><strong>octaua</strong></span> <span class='ocrx_word' id='word_1_231' title='bbox 1134 2611 1136 2616; x_wconf 65' lang='grc'>,</span> 
     </span>
     <span class='ocr_line' id='line_1_29' title="bbox 113 2636 1064 2713; baseline -0.004 -17"><span class='ocrx_word' id='word_1_232' title='bbox 113 2641 235 2698; x_wconf 88' lang='lat' dir='ltr'><strong>eiusdem</strong></span> <span class='ocrx_word' id='word_1_233' title='bbox 259 2657 319 2696; x_wconf 91' lang='lat' dir='ltr'><strong>seu</strong></span> <span class='ocrx_word' id='word_1_234' title='bbox 341 2640 502 2696; x_wconf 89' lang='lat' dir='ltr'><strong>claudius</strong></span> <span class='ocrx_word' id='word_1_235' title='bbox 522 2655 595 2713; x_wconf 84' lang='lat' dir='ltr'><strong>ymo</strong></span> <span class='ocrx_word' id='word_1_236' title='bbox 611 2655 693 2695; x_wconf 90' lang='lat' dir='ltr'><strong>nero</strong></span> <span class='ocrx_word' id='word_1_237' title='bbox 716 2639 748 2693; x_wconf 91' lang='lat' dir='ltr'><strong>in</strong></span> <span class='ocrx_word' id='word_1_238' title='bbox 764 2636 929 2711; x_wconf 89' lang='lat' dir='ltr'><strong>populum</strong></span> <span class='ocrx_word' id='word_1_239' title='bbox 951 2654 1064 2693; x_wconf 90' lang='lat' dir='ltr'><strong>roma·</strong></span> 
     </span>
     <span class='ocr_line' id='line_1_30' title="bbox 113 2719 1063 2781; baseline -0.004 0"><span class='ocrx_word' id='word_1_240' title='bbox 113 2719 200 2781; x_wconf 88' lang='lat' dir='ltr'><strong>num.</strong></span> <span class='ocrx_word' id='word_1_241' title='bbox 242 2727 291 2780; x_wconf 82' lang='lat' dir='ltr'><strong>dm</strong></span> <span class='ocrx_word' id='word_1_242' title='bbox 314 2724 381 2780; x_wconf 94' lang='lat' dir='ltr'><strong>ende</strong></span> <span class='ocrx_word' id='word_1_243' title='bbox 403 2725 451 2780; x_wconf 93' lang='lat' dir='ltr'><strong>der</strong></span> <span class='ocrx_word' id='word_1_244' title='bbox 473 2722 545 2780; x_wconf 65' lang='lat'><strong>9²⁰³:</strong></span> <span class='ocrx_word' id='word_1_245' title='bbox 567 2725 643 2780; x_wconf 86' lang='lat' dir='ltr'><strong>Lucii</strong></span> <span class='ocrx_word' id='word_1_246' title='bbox 664 2723 743 2778; x_wconf 86' lang='lat' dir='ltr'><strong>aunei</strong></span> <span class='ocrx_word' id='word_1_247' title='bbox 764 2738 860 2779; x_wconf 88' lang='lat' dir='ltr'><strong>senece</strong></span> <span class='ocrx_word' id='word_1_248' title='bbox 884 2721 1063 2778; x_wconf 88' lang='lat' dir='ltr'><strong>cordubensis</strong></span> 
     </span>
     <span class='ocr_line' id='line_1_31' title="bbox 113 2807 1063 2883; baseline -0.001 -18"><span class='ocrx_word' id='word_1_249' title='bbox 113 2811 224 2867; x_wconf 89' lang='lat' dir='ltr'><strong>octauia</strong></span> <span class='ocrx_word' id='word_1_250' title='bbox 251 2809 362 2883; x_wconf 87' lang='lat' dir='ltr'><strong>explicit</strong></span> <span class='ocrx_word' id='word_1_251' title='bbox 389 2808 510 2882; x_wconf 84' lang='lat' dir='ltr'><strong>tragedia</strong></span> <span class='ocrx_word' id='word_1_252' title='bbox 537 2825 617 2864; x_wconf 87' lang='lat' dir='ltr'><strong>nona.</strong></span> <span class='ocrx_word' id='word_1_253' title='bbox 663 2807 793 2882; x_wconf 83' lang='lat' dir='ltr'><strong>Sequitur</strong></span> <span class='ocrx_word' id='word_1_254' title='bbox 820 2825 834 2862; x_wconf 89' lang='lat' dir='ltr'><strong>a</strong></span> <span class='ocrx_word' id='word_1_255' title='bbox 859 2815 937 2880; x_wconf 91' lang='lat' dir='ltr'><strong>tergo</strong></span> <span class='ocrx_word' id='word_1_256' title='bbox 962 2808 1063 2864; x_wconf 88' lang='lat' dir='ltr'><strong>decima</strong></span> 
     </span>
    </p>

    <p class='ocr_par' dir='ltr' id='par_1_8' title="bbox 114 2891 1063 3034">
     <span class='ocr_line' id='line_1_32' title="bbox 114 2891 1063 2969; baseline -0.004 -19"><span class='ocrx_word' id='word_1_257' title='bbox 114 2903 142 2950; x_wconf 89' lang='lat' dir='ltr'><strong>et</strong></span> <span class='ocrx_word' id='word_1_258' title='bbox 162 2894 260 2954; x_wconf 87' lang='lat' dir='ltr'><strong>ultima</strong></span> <span class='ocrx_word' id='word_1_259' title='bbox 287 2910 339 2969; x_wconf 93' lang='lat' dir='ltr'><strong>que</strong></span> <span class='ocrx_word' id='word_1_260' title='bbox 365 2891 529 2950; x_wconf 89' lang='lat' dir='ltr'><strong>hercules</strong></span> <span class='ocrx_word' id='word_1_261' title='bbox 558 2894 705 2949; x_wconf 86' lang='lat' dir='ltr'><strong>cetheus</strong></span> <span class='ocrx_word' id='word_1_262' title='bbox 732 2899 905 2965; x_wconf 88' lang='lat' dir='ltr'><strong>nuncupatur</strong></span> <span class='ocrx_word' id='word_1_263' title='bbox 926 2900 953 2946; x_wconf 94' lang='lat' dir='ltr'><strong>et</strong></span> <span class='ocrx_word' id='word_1_264' title='bbox 974 2891 1063 2947; x_wconf 85' lang='lat' dir='ltr'><strong>exitus</strong></span> 
     </span>
     <span class='ocr_line' id='line_1_33' title="bbox 114 2980 202 3034; baseline -0.023 0"><span class='ocrx_word' id='word_1_265' title='bbox 114 2980 202 3034; x_wconf 88' lang='lat' dir='ltr'><strong>cius&#39;.</strong></span> 
     </span>
    </p>

    <p class='ocr_par' dir='ltr' id='par_1_9' title="bbox 77 3075 1072 3590">
     <span class='ocr_line' id='line_1_34' title="bbox 77 3075 1064 3148; baseline 0 -15"><span class='ocrx_word' id='word_1_266' title='bbox 77 3079 103 3133; x_wconf 88' lang='lat' dir='ltr'><em>B</em></span> <span class='ocrx_word' id='word_1_267' title='bbox 180 3076 441 3137; x_wconf 75' lang='lat' dir='ltr'><strong>Londinensis</strong></span> <span class='ocrx_word' id='word_1_268' title='bbox 463 3079 550 3148; x_wconf 87' lang='lat' dir='ltr'><strong>musei</strong></span> <span class='ocrx_word' id='word_1_269' title='bbox 565 3078 654 3134; x_wconf 90' lang='lat' dir='ltr'><strong>hritici</strong></span> <span class='ocrx_word' id='word_1_270' title='bbox 672 3077 906 3138; x_wconf 86' lang='lat' dir='ltr'><strong>membranaceus,</strong></span> <span class='ocrx_word' id='word_1_271' title='bbox 927 3076 974 3132; x_wconf 89' lang='lat' dir='ltr'><strong>lol.</strong></span> <span class='ocrx_word' id='word_1_272' title='bbox 993 3075 1064 3138; x_wconf 79' lang='lat'><strong>126,</strong></span> 
     </span>
     <span class='ocr_line' id='line_1_35' title="bbox 116 3157 1072 3237; baseline -0.004 -17"><span class='ocrx_word' id='word_1_273' title='bbox 116 3180 235 3237; x_wconf 89' lang='lat' dir='ltr'><strong>quorum</strong></span> <span class='ocrx_word' id='word_1_274' title='bbox 253 3163 338 3219; x_wconf 79' lang='grc'><strong>1-8</strong></span> <span class='ocrx_word' id='word_1_275' title='bbox 352 3165 415 3236; x_wconf 85' lang='lat' dir='ltr'><strong>igne</strong></span> <span class='ocrx_word' id='word_1_276' title='bbox 430 3163 510 3219; x_wconf 86' lang='lat' dir='ltr'><strong>laesa.</strong></span> <span class='ocrx_word' id='word_1_277' title='bbox 541 3165 663 3219; x_wconf 88' lang='lat' dir='ltr'><strong>continet</strong></span> <span class='ocrx_word' id='word_1_278' title='bbox 677 3181 699 3218; x_wconf 86' lang='lat' dir='ltr'><strong>x</strong></span> <span class='ocrx_word' id='word_1_279' title='bbox 714 3162 869 3234; x_wconf 87' lang='lat' dir='ltr'><strong>tragoedias</strong></span> <span class='ocrx_word' id='word_1_280' title='bbox 886 3162 939 3216; x_wconf 90' lang='lat' dir='ltr'><strong>hoc</strong></span> <span class='ocrx_word' id='word_1_281' title='bbox 954 3157 1072 3216; x_wconf 61' lang='lat' dir='ltr'><strong>ordines</strong></span> 
     </span>
     <span class='ocr_line' id='line_1_36' title="bbox 116 3243 1065 3322; baseline -0.005 -19"><span class='ocrx_word' id='word_1_282' title='bbox 116 3249 243 3305; x_wconf 92' lang='lat' dir='ltr'><strong>hercules</strong></span> <span class='ocrx_word' id='word_1_283' title='bbox 255 3248 360 3304; x_wconf 75' lang='lat' dir='ltr'><strong>furens,</strong></span> <span class='ocrx_word' id='word_1_284' title='bbox 375 3249 500 3304; x_wconf 87' lang='lat' dir='ltr'><strong>thiestea.</strong></span> <span class='ocrx_word' id='word_1_285' title='bbox 512 3247 605 3322; x_wconf 84' lang='lat' dir='ltr'><strong>Edipa.</strong></span> <span class='ocrx_word' id='word_1_286' title='bbox 622 3246 734 3320; x_wconf 86' lang='lat' dir='ltr'><strong>ypolita.</strong></span> <span class='ocrx_word' id='word_1_287' title='bbox 751 3247 847 3302; x_wconf 89' lang='lat' dir='ltr'><strong>tehais.</strong></span> <span class='ocrx_word' id='word_1_288' title='bbox 866 3253 949 3300; x_wconf 90' lang='lat' dir='ltr'><strong>troas.</strong></span> <span class='ocrx_word' id='word_1_289' title='bbox 962 3243 1065 3300; x_wconf 89' lang='lat' dir='ltr'><strong>medea.</strong></span> 
     </span>
     <span class='ocr_line' id='line_1_37' title="bbox 117 3328 1066 3405; baseline -0.004 -17"><span class='ocrx_word' id='word_1_290' title='bbox 117 3335 304 3405; x_wconf 84' lang='lat' dir='ltr'><strong>agameuonia.</strong></span> <span class='ocrx_word' id='word_1_291' title='bbox 321 3332 446 3389; x_wconf 89' lang='lat' dir='ltr'><strong>hercules</strong></span> <span class='ocrx_word' id='word_1_292' title='bbox 462 3332 584 3388; x_wconf 84' lang='lat' dir='ltr'><strong>cetheus.</strong></span> <span class='ocrx_word' id='word_1_293' title='bbox 616 3331 726 3388; x_wconf 83' lang='lat' dir='ltr'><strong>Octauia</strong></span> <span class='ocrx_word' id='word_1_294' title='bbox 748 3330 845 3386; x_wconf 89' lang='lat' dir='ltr'><strong>ultimo</strong></span> <span class='ocrx_word' id='word_1_295' title='bbox 861 3328 1066 3402; x_wconf 89' lang='lat' dir='ltr'><strong>paenultimone</strong></span> 
     </span>
     <span class='ocr_line' id='line_1_38' title="bbox 117 3411 1065 3490; baseline 0 -20"><span class='ocrx_word' id='word_1_296' title='bbox 117 3417 179 3474; x_wconf 89' lang='lat' dir='ltr'><strong>loco</strong></span> <span class='ocrx_word' id='word_1_297' title='bbox 201 3418 252 3480; x_wconf 90' lang='lat' dir='ltr'><strong>sit,</strong></span> <span class='ocrx_word' id='word_1_298' title='bbox 276 3419 299 3472; x_wconf 91' lang='lat' dir='ltr'><strong>is</strong></span> <span class='ocrx_word' id='word_1_299' title='bbox 321 3419 368 3490; x_wconf 93' lang='lat' dir='ltr'><strong>qui</strong></span> <span class='ocrx_word' id='word_1_300' title='bbox 392 3417 512 3474; x_wconf 89' lang='lat' dir='ltr'><strong>codicem</strong></span> <span class='ocrx_word' id='word_1_301' title='bbox 528 3418 556 3471; x_wconf 88' lang='lat' dir='ltr'><strong>iu</strong></span> <span class='ocrx_word' id='word_1_302' title='bbox 571 3433 650 3472; x_wconf 90' lang='lat' dir='ltr'><strong>usum</strong></span> <span class='ocrx_word' id='word_1_303' title='bbox 667 3424 793 3471; x_wconf 88' lang='lat' dir='ltr'><strong>nostrum</strong></span> <span class='ocrx_word' id='word_1_304' title='bbox 813 3411 931 3470; x_wconf 90' lang='lat' dir='ltr'><strong>contulit</strong></span> <span class='ocrx_word' id='word_1_305' title='bbox 946 3412 1065 3470; x_wconf 88' lang='lat' dir='ltr'><strong>indicare</strong></span> 
     </span>
     <span class='ocr_line' id='line_1_39' title="bbox 117 3497 1067 3590; baseline -0.003 -34"><span class='ocrx_word' id='word_1_306' title='bbox 117 3502 313 3574; x_wconf 89' lang='lat' dir='ltr'><strong>praetermisit.</strong></span> <span class='ocrx_word' id='word_1_307' title='bbox 343 3501 372 3556; x_wconf 93' lang='lat' dir='ltr'><strong>ln</strong></span> <span class='ocrx_word' id='word_1_308' title='bbox 388 3500 512 3574; x_wconf 80' lang='lat' dir='ltr'><strong>catalogo</strong></span> <span class='ocrx_word' id='word_1_309' title='bbox 529 3501 638 3558; x_wconf 87' lang='lat' dir='ltr'><strong>saeculo</strong></span> <span class='ocrx_word' id='word_1_310' title='bbox 650 3501 730 3556; x_wconf 91' lang='lat' dir='ltr'><strong>nimis</strong></span> <span class='ocrx_word' id='word_1_311' title='bbox 746 3506 777 3554; x_wconf 93' lang='lat' dir='ltr'><strong>ut</strong></span> <span class='ocrx_word' id='word_1_312' title='bbox 792 3497 902 3555; x_wconf 91' lang='lat' dir='ltr'><strong>uidetur</strong></span> <span class='ocrx_word' id='word_1_313' title='bbox 915 3498 1067 3590; x_wconf 67' lang='lat' dir='ltr'><strong>liberaliter</strong></span> 
     </span>
    </p>
   </div>
   <div class='ocr_carea' id='block_1_6' title="bbox 0 0 1272 3998">
    <p class='ocr_par' dir='ltr' id='par_1_10' title="bbox 0 0 1272 3998">
     <span class='ocr_line' id='line_1_40' title="bbox 0 0 1272 3998; baseline 0 0"><span class='ocrx_word' id='word_1_314' title='bbox 0 0 1272 3998; x_wconf 95' lang='lat' dir='ltr'><strong> </strong></span> 
     </span>
    </p>
   </div>
  </div>
 </body>
</html>
