2440 3966
556 175 699 224 tucurtrl

297 317 347 379 ille
364 318 494 380 ieronem
511 318 594 378 iussit
609 315 750 378 Achillem

298 402 416 481 pulsare
432 401 535 482 lyram.

300 488 388 566 fregit
402 488 533 556 Danaos,
550 487 639 564 fregit
654 487 795 547 atridem.

297 579 388 650 regua
404 575 512 634 euertit
528 572 650 639 Priami,
668 569 763 631 claras

298 658 386 718 diruit
401 657 499 718 urbes.

340 793 376 853 Et
390 811 469 854 nuuc
485 794 600 856 animus
616 792 685 872 quid
702 793 778 854 terat
792 790 897 854 horret

298 879 343 939 uis
358 880 480 938 immitis
495 877 624 940 uiolenta
639 877 697 938 dai.

577 1093 678 1143 uultu.

214 1217 238 1278 0
256 1216 333 1277 lenta
350 1218 472 1277 nimium
490 1215 589 1276 militis
605 1217 700 1276 nostri
716 1231 821 1279 manus

172 1310 201 1362 et
215 1304 258 1362 ira
275 1302 389 1379 patiens
405 1308 472 1380 post
488 1301 570 1362 netas
586 1309 699 1364 tantum
716 1319 796 1367 mea.

171 1386 249 1465 quod
266 1403 326 1446 non
342 1402 431 1448 eruor
447 1385 542 1448 ciuilis
558 1404 697 1448 accensas
712 1385 792 1449 iaces

172 1472 315 1548 extinguit
329 1473 360 1530 iu
376 1490 431 1531 nos
448 1471 538 1532 caede
554 1489 609 1532 nee
625 1469 726 1547 populi
743 1470 840 1530 madet

171 1557 293 1617 funerea
310 1556 401 1617 Roma
417 1574 492 1635 quae
509 1557 589 1618 uirus
604 1554 678 1616 tales
693 1553 767 1614 tulit.

172 1650 201 1702 et
216 1640 265 1701 illa
282 1641 328 1701 cui
345 1661 391 1702 me
407 1642 516 1700 ciuium
532 1639 640 1701 subicit
654 1640 738 1700 furor

170 1736 305 1807 suspecta
323 1727 450 1787 coniunx
467 1733 496 1786 et
510 1743 597 1788 soror
611 1743 731 1802 semper
747 1721 832 1792 mihi,

171 1810 288 1870 tandem
306 1808 401 1870 dolori
417 1811 553 1888 spiritum
570 1809 674 1870 reddat
688 1827 755 1870 meo

103 1898 105 1903 '
172 1897 305 1974 iramque
321 1902 452 1956 nostram
469 1896 611 1972 sanguiue
627 1895 777 1971 extinguat
792 1911 854 1956 suo.

172 1980 298 2041 admissa
314 1979 366 2041 sed
381 1981 439 2040 iarn
456 1988 551 2040 morte
566 1979 666 2059 puniri
682 1995 787 2056 parum
804 1985 863 2048 est,

124 2119 130 2128 .
172 2066 310 2142 grauiora
326 2067 435 2125 meruit
449 2066 570 2142 impium
587 2063 683 2142 piebis
699 2063 811 2124 scetus:

172 2167 239 2209 mox
257 2157 330 2209 tecta
346 2148 472 2210 flammis
488 2150 644 2210 concidant
660 2148 743 2210 urhis
759 2148 845 2218 rueis,

171 2236 256 2311 ignes
270 2235 375 2294 ruinae
391 2236 509 2295 noxium
525 2233 667 2313 populum
685 2240 820 2310 premant
916 2293 919 2298 .

170 2321 326 2398 turpisque
342 2327 456 2397 egestas
473 2337 560 2379 saeua
578 2336 643 2380 curn
660 2316 741 2378 luctu
758 2317 860 2378 fames.

172 2402 297 2464 exsultat
312 2405 416 2480 iugens
430 2401 540 2464 saeculi
555 2404 649 2464 nostri
664 2401 750 2461 bonis

172 2497 309 2568 corrupta
327 2489 412 2549 turba
428 2507 484 2549 uec
499 2489 577 2568 capit
592 2487 776 2548 clementiam

170 2574 284 2650 ingrata
301 2580 431 2634 nostram
449 2572 528 2634 terre
544 2590 717 2650 perpacem
734 2579 840 2651 potest.

171 2657 223 2718 sed
239 2659 370 2735 inquieta
385 2659 500 2735 rapitur
516 2658 585 2718 hinc
601 2657 736 2727 audacia,

171 2742 240 2804 hine
255 2743 419 2803 temeritate
435 2742 530 2803 fertur
545 2744 575 2801 in
591 2759 735 2820 praeceps
750 2758 812 2801 sua.

239 2981 289 3032 832
307 2997 395 3047 regna
412 2995 481 3031 corr.
501 2997 537 3031 ex
555 2980 651 3044 regina
669 2979 730 3029 312
754 2975 758 3042 Ι
776 2978 869 3028 claras
886 2996 933 3031 om.
953 2981 1019 3032 313
1038 2984 1089 3032 cir·

172 3049 229 3099 cuit
245 3064 344 3114 spraer.
365 3049 383 3098 l.
403 3047 487 3098 diruit
503 3047 524 3098 0
540 3044 551 3114 Η
573 3047 680 3097 NERO.
699 3064 721 3096 ω
741 3043 745 3112 1
774 3046 824 3097 837
843 3050 951 3097 tantum
969 3049 1053 3100 nefas
1070 3050 1091 3100 0

170 3117 231 3168 312
250 3121 339 3168 tanet.
353 3117 434 3182 naph.
451 3119 476 3166 V
491 3116 572 3167 nefas
584 3119 694 3165 tautum
707 3115 732 3164 Α
745 3111 832 3181 31311
848 3116 899 3168 838
917 3117 987 3182 quid
999 3119 1062 3168 312
1075 3119 1088 3182 Η

170 3188 220 3238 839
238 3185 267 3234 in
285 3199 336 3236 uos
353 3186 418 3236 313
430 3181 441 3251 ΙΙ
453 3199 488 3236 ne
511 3180 557 3250 ΡΗ
569 3184 620 3234 840
638 3183 750 3232 funesta
767 3183 829 3233 [tra
840 3180 853 3250 1}
864 3184 925 3234 uiro
938 3186 1003 3235 313
1014 3182 1027 3251 ΙΙ
1040 3187 1087 3237 841

170 3255 244 3322 pulrr
260 3254 324 3304 313
335 3250 348 3320 Η
359 3255 407 3304 841
421 3253 471 3303 842
487 3259 547 3317 post
560 3271 584 3302 u.
596 3252 647 3302 846
665 3254 835 3303 conlocandos
850 3255 950 3316 putaui.
963 3249 976 3318 Η
992 3253 1044 3304 843
1063 3257 1090 3304 et

169 3323 219 3372 illa
238 3340 259 3372 ω
278 3321 380 3372 atille
398 3321 448 3373 Bo.
466 3318 478 3386 ΙΙ
501 3319 621 3371 subiecit
639 3320 662 3368 Α
682 3318 783 3369 subicit
800 3321 863 3371 313
880 3321 906 3370 V
916 3323 984 3372 Part.
1005 3317 1010 3387 Ι
1040 3323 1090 3373 848

171 3389 254 3440 dedat
271 3387 363 3456 3131]
379 3392 429 3440 849
446 3390 526 3440 rietu
544 3391 576 3439 οἱ.
594 3389 648 3438 3Ρ.
668 3388 701 3450 cf.
721 3387 800 3440 Herc.
819 3392 870 3439 695
891 3389 954 3455 Try.
975 3393 999 3440 5.
1019 3387 1090 3455 1851

172 3458 263 3519 carpit
282 3453 328 3522 ΟΙΙ
343 3460 392 3508 853
411 3458 475 3507 hruc
493 3458 555 3507 313
579 3452 591 3522 ΙΙ
613 3457 663 3507 854
679 3456 745 3506 hruc
764 3457 826 3507 313
849 3453 863 3523 H
