2490 3984
418 142 600 191 uuacvnns
625 111 813 210 [aurnuns]
1015 126 1078 190 377

271 381 413 428 NVTRIX.
438 379 620 427 Delemna.
644 373 785 424 LIGHAS
806 371 970 428 TAGITVS.

208 536 232 597 Ο
248 553 338 616 quam
354 543 494 597 cruentus
510 535 634 596 seminas
649 533 779 595 stimulat
794 534 892 604 iuror,

167 639 234 681 cum
251 623 344 699 patuit
360 638 417 681 una
433 620 540 699 paelici
555 627 584 680 et
598 627 708 698 nuptae
724 619 839 680 domus.

166 705 260 785 Scylla
277 713 306 766 ct
322 703 485 784 Charybdis
500 703 592 766 sicula
608 712 809 780 contorquens
826 703 899 765 ireta

166 793 263 851 minus
278 796 323 851 est
337 789 480 860 timenda,
497 787 577 849 nulia
594 806 656 849 nun
671 787 777 848 melior
793 787 855 849 iera
872 795 925 848 est.

164 892 292 953 namque
307 881 340 934 ut
354 875 462 935 reluxit
477 872 595 952 paelicis
611 881 715 951 captae
731 873 820 934 decus
1097 881 1148 930 240

164 967 193 1019 et
209 958 289 1020 iuisit
305 958 365 1018 Icie
381 958 476 1038 qualis
491 957 611 1017 innubis
626 959 688 1018 dies

163 1045 284 1122 purisue
300 1043 413 1105 ciarum
429 1042 565 1103 noctibus
581 1042 661 1104 sidus
677 1043 779 1103 micat:

164 1129 243 1189 stetit
257 1129 369 1189 furenti
385 1127 487 1188 similis
502 1145 536 1187 ac
552 1134 671 1186 toruum
686 1128 807 1187 intuens

163 1211 307 1274 herculea
321 1214 463 1283 coniunx,
481 1213 540 1272 ieta
555 1219 588 1271 ut
603 1211 733 1271 armenia
749 1212 850 1272 iacens

146 1344 150 1350 .
166 1296 220 1357 sub
237 1315 313 1376 rupe
329 1299 412 1374 tigris
427 1297 512 1357 husie
529 1304 688 1371 conspecto
703 1293 784 1352 exilit

165 1389 216 1438 aut
231 1382 309 1438 iussa
326 1381 459 1456 thyrsum
476 1384 598 1455 quatere
615 1387 791 1456 currceptum
807 1376 910 1439 furens

164 1479 285 1522 maenas
300 1459 429 1540 Lyaeum
446 1460 533 1520 dubia
550 1479 609 1537 quo
625 1478 745 1538 gressus
761 1464 845 1522 terat.

164 1546 260 1606 haesit
276 1563 453 1625 parumper,
471 1551 532 1604 tum
548 1561 602 1621 per
618 1543 774 1605 herculeus
789 1545 867 1606 lares

164 1631 287 1690 attonita
303 1630 414 1698 fertur,
431 1635 491 1688 tcta
509 1629 556 1688 uix
573 1630 644 1688 satis
660 1635 705 1689 est
720 1629 840 1697 domuc,

165 1715 291 1775 incurrit
307 1721 388 1774 errat
401 1713 486 1773 sistit.
518 1714 547 1771 in
563 1711 662 1773 uoltus
678 1713 763 1774 doicr

164 1800 309 1876 processit
325 1799 435 1868 omnis,
452 1799 564 1874 pectori
581 1814 675 1874 paene
689 1799 791 1858 intimo

163 1882 237 1943 nihil
254 1891 299 1942 est
313 1882 457 1943 relictum.
488 1881 575 1941 iletus
591 1883 755 1959 insequitur
771 1884 866 1943 minas

164 1985 220 2028 nec
236 1985 312 2028 unus
328 1966 447 2027 habitus
464 1966 551 2026 durat
567 1973 617 2026 ant
632 1984 691 2027 unc
707 1966 777 2027 iurit

164 2058 302 2113 contenta
317 2051 416 2113 ucitu:
439 2069 518 2110 nunc
533 2050 725 2111 inardescunt
739 2069 846 2128 genae,

164 2135 259 2216 pallor
274 2135 414 2197 ruborem
432 2135 515 2214 pellit
531 2142 560 2196 et
575 2135 686 2195 icrmas
702 2135 787 2195 riclcr

163 2227 244 2281 errat
259 2240 313 2300 per
329 2239 448 2282 omnes:
472 2222 607 2300 queritur
624 2218 752 2298 inpiorat
767 2220 866 2298 gemit.

161 2323 289 2366 sonuere
306 2312 420 2384 postest
444 2323 512 2365 ecce
528 2306 683 2383 praecipiti
698 2305 792 2382 gradu

162 2396 277 2449 secreta
293 2390 400 2449 mentis
415 2407 467 2448 cre
483 2389 606 2449 confuso
623 2391 726 2450 exerit.

161 2485 283 2532 numu.
301 2491 518 2553 quamcumque
533 2480 646 2551 partem
663 2474 740 2534 sedis
756 2473 905 2535 aetheriae
920 2475 1032 2553 premis

162 2559 291 2618 coniunx
308 2558 450 2625 tonantis,
467 2559 550 2618 mitte
565 2559 593 2617 in
609 2557 730 2619 Alciden
747 2559 839 2619 ieram
1097 2568 1147 2618 260

162 2660 239 2721 quae
255 2641 326 2702 mihi
342 2643 411 2702 satis
428 2643 472 2700 sit.
504 2642 598 2720 siqua
616 2641 775 2704 fecundum
793 2648 890 2724 caput]¹

160 2725 269 2804 palude
283 2733 344 2787 tcta
360 2726 471 2788 uastior
486 2743 609 2805 serpens
624 2735 738 2803 mouet,

228 2945 391 3008 NVTRIX„
406 2945 583 2996 DEIANIRA
595 2945 649 2995 EA
667 2946 812 2998 LICHAE
824 2963 913 2997 nomen
924 2949 1015 2997 addidi
1026 2964 1079 2998 carn

159 3015 219 3065 edd.
236 3009 251 3079 Η
272 3015 322 3064 236
340 3014 422 3066 NV'r.
441 3013 466 3062 Ε
484 3013 582 3062 Nutrix
602 3015 623 3064 R
640 3030 686 3064 om.
705 3015 730 3064 A
751 3013 763 3079 Η
784 3016 861 3066 furor
877 3015 903 3063 Ε
925 3014 1001 3064 color
1020 3015 1045 3064 A
1064 3017 1077 3078 Η

158 3084 210 3132 240
229 3081 314 3130 decus
327 3098 348 3130 ω
368 3081 461 3131 dacor
473 3081 549 3134 NHc.
563 3085 628 3131 coni.
641 3099 665 3134 u.
679 3084 729 3131 222
740 3078 752 3149 Η
764 3085 812 3133 241
827 3085 855 3133 in
867 3082 956 3132 nubes
968 3082 994 3130 E
1005 3078 1016 3148 Η
1028 3084 1078 3132 242

157 3149 276 3199 Purisue
297 3148 401 3198 clarum
420 3147 487 3197 EAE
504 3148 640 3198 Purumue
660 3149 743 3200 cleris
761 3152 786 3201 A
817 3147 828 3217 Η
856 3153 907 3201 244
925 3151 987 3200 fere.
1005 3151 1045 3215 Rp
1064 3152 1077 3214 Η

160 3218 285 3268 armenia
303 3216 370 3265 Ena
394 3216 478 3280 Lepci.
497 3232 545 3280 nep.
567 3217 704 3268 Accensius
734 3223 858 3269 armento
876 3220 901 3269 A
931 3215 942 3284 Η
971 3219 1020 3268 246
1039 3219 1078 3268 fe·

158 3299 223 3334 rens
242 3302 263 3335 ω
281 3285 384 3334 furens
402 3285 503 3347 scripsi.
516 3281 529 3350 Η
540 3286 590 3333 247
608 3285 682 3334 ferat
698 3285 724 3334 Ε
742 3291 809 3352 agai
821 3287 846 3336 A
858 3283 870 3352 Η
882 3288 932 3337 249
949 3287 1078 3336 Attonita

160 3351 249 3402 fertur
267 3353 292 3400 Ε
310 3352 378 3417 Lym
400 3352 468 3402 heta
485 3352 594 3416 rapitur
611 3353 636 3402 A
661 3349 672 3418 Η
695 3355 744 3404 252
762 3355 852 3404 minas
870 3353 895 3402 E
913 3369 1000 3419 genas
1018 3356 1043 3405 A
1064 3356 1077 3419 Η

159 3421 211 3470 258
231 3420 331 3469 exferii
348 3369 397 3486 ΕΗ
413 3422 463 3471 259
482 3419 662 3483 Quamcuqus
680 3420 730 3484 Εψ
749 3421 920 3486 Quacumque
938 3423 963 3472 A
988 3420 999 3489 Η
1050 3442 1052 3446 ·
