2516 3998
442 186 625 234 nnncvnns
649 173 813 254 [rvneus]
1040 173 1083 238 29

125 335 150 396 a'
206 339 316 386 ΑΜΡΗ.
345 327 490 386 Peruince
506 325 624 387 Theseu
641 327 782 403 quicquid
798 325 855 388 alto
870 327 900 386 in
917 334 1039 405 pectore

162 419 299 472 remanet
315 413 435 488 pauoris
449 429 526 472 neue
543 419 572 470 te
587 411 686 472 fructu
703 412 814 490 optimc

162 495 268 556 frauda
284 494 432 556 laborum.
464 513 540 574 quac
555 495 611 554 luit
626 495 733 558 durum
750 497 819 574 pati,
1099 508 1149 557 666

163 581 335 642 meminisse
351 578 436 640 dulce
453 587 505 640 est.
536 579 616 640 lare
637 599 745 640 casus
767 579 953 640 horridos.

122 677 154 735 ᾤ’
207 677 308 725 THES.
338 665 395 724 Fas
410 682 497 724 omne
513 665 616 724 mundi
630 671 719 742 teque
736 665 935 726 dominantem
952 682 1060 742 precor

164 767 258 827 regno
274 750 376 827 capaci
391 757 479 828 teque
496 767 584 827 quam
600 756 661 810 tota
675 750 765 809 inrita

164 835 311 911 quaesiuit
323 835 416 894 Aetna
432 840 535 903 mater,
553 840 585 893 ut
599 835 663 894 iura
680 833 777 894 abdita

165 926 194 978 et
213 924 345 998 operta
367 919 483 978 terris
504 917 590 978 liceat
605 920 716 996 inpune
731 918 868 996 eloqui.
1099 933 1148 981 666

129 1117 146 1153 0
207 1087 351 1164 Spartana
368 1085 453 1147 tellus
468 1085 569 1146 nobile
584 1085 687 1146 attollit
702 1088 802 1163 iugum

165 1171 265 1231 densis
281 1171 332 1231 ubi
348 1189 459 1249 aequor
475 1171 628 1231 Taenarus
642 1170 724 1232 siluis
740 1173 858 1248 premit.

164 1255 212 1315 hic
228 1273 280 1315 ora
296 1254 383 1316 soluit
397 1257 470 1316 Ditis
484 1257 572 1315 inuisi
588 1255 693 1315 domus

165 1339 284 1418 hiatque
300 1359 390 1418 rupes
406 1339 463 1400 alta
480 1349 509 1399 et
524 1341 657 1400 inmenso
673 1357 764 1418 specu

166 1425 269 1501 ingens
285 1442 396 1502 uorago
413 1423 547 1485 saucibus
564 1425 654 1486 uastis
670 1431 749 1502 patet

163 1507 314 1587 latumque
331 1509 431 1587 pandit
446 1507 583 1570 omnibus
598 1507 714 1585 populis
729 1509 796 1568 iter.

129 1608 147 1658 d
208 1593 274 1654 Nun
290 1611 376 1654 caeca
392 1593 524 1654 tenebris
541 1595 645 1670 incipit
659 1595 757 1671 primo
775 1593 832 1652 uia.

165 1679 263 1736 tenuis
279 1677 399 1738 relictae
414 1678 489 1738 lucis
504 1697 521 1737 a
536 1687 621 1754 terge
638 1680 717 1736 nitur

165 1761 323 1839 fulgorque
339 1762 445 1822 dubius
461 1761 655 1822 solisadssicti
675 1760 755 1820 cadit

166 1855 195 1906 et
209 1845 285 1906 ludit
300 1848 402 1907 aciem.
433 1855 520 1906 necte
535 1846 577 1906 sic
592 1847 681 1906 mixta
699 1844 774 1906 solet

165 1930 313 2007 praebere
330 1930 429 1991 lumen
445 1933 557 2009 primus
573 1938 624 1992 aut
639 1948 723 1991 serus
740 1931 810 1991 dies.

168 2010 252 2097 [ltine
267 2019 370 2092 ampla
385 2019 492 2077 uacuis
505 2019 608 2092 spatia
622 2019 772 2076 texuntur
786 2016 870 2088 lucie,

165 2104 197 2160 tu
212 2119 291 2174 quac
306 2117 392 2162 omne
406 2118 534 2162 mersum
544 2108 655 2176 percat
669 2102 833 2160 humanum
847 2094 970 2182 penus]

127 2197 153 2256 (1¹
208 2184 270 2244 Nec
285 2186 328 2244 ire
344 2184 429 2244 labor
445 2194 498 2244 est.
530 2187 592 2262 ipsa
609 2184 727 2245 deducit
742 2185 799 2244 uia.

167 2279 200 2329 ut
215 2286 303 2346 saepe
319 2287 433 2347 puppes
449 2276 547 2330 aestus
561 2270 668 2330 inuitas
684 2271 769 2347 rapit,

168 2355 210 2413 sic
225 2370 338 2429 pronus
354 2360 405 2413 aer
421 2361 509 2430 urget
523 2361 610 2431 atque
623 2353 742 2414 auidum
758 2352 848 2413 chaos

168 2437 352 2516 gradumque
368 2446 449 2497 retro
464 2438 584 2498 flectere
600 2438 672 2498 haut
687 2454 827 2514 umquam
844 2437 943 2494 sinunt

166 2520 291 2582 umbrae
308 2530 435 2582 tenaces.
459 2524 539 2583 intus
553 2522 678 2589 inmensi
695 2522 784 2581 sinus.

133 2638 147 2672 e
207 2605 326 2666 Placido
342 2608 440 2684 quieta
454 2606 563 2668 labitur
579 2605 671 2665 Lethe
686 2604 763 2666 uado

166 2691 316 2771 demitque
332 2709 418 2751 curas
433 2709 509 2752 neue
525 2691 678 2751 remeandi
694 2687 819 2767 amplius
1098 2701 1148 2750 686

166 2782 264 2852 pateat
280 2774 411 2844 facultas,
428 2775 554 2837 flexibus
570 2773 668 2834 multis
684 2790 806 2852 grauem

233 2928 284 2978 668
305 2927 454 2978 Peruincet
470 2927 495 2975 Ε
518 2927 656 2976 Permicte
673 2929 699 2976 V
718 2923 730 2992 11
747 2928 776 2974 in
794 2943 820 2990 p.
839 2925 916 2974 EVR
939 2927 987 2974 due
1008 2925 1081 2974 cure-

165 2997 249 3044 rtinae
275 2995 304 3043 in
327 2993 419 3044 oncri
449 2990 460 3060 11
494 2997 544 3045 660
566 3009 635 3058 quae
655 2995 680 3042 E
703 3009 755 3058 que
777 2995 823 3057 Vqr
848 2993 928 3056 quod
947 3008 965 3042 α
993 2989 1004 3058 11
1031 2993 1082 3041 664

165 3062 257 3111 Enna
276 3079 294 3111 α
323 3059 334 3128 11
362 3063 412 3111 665
433 3062 510 3125 loqui
531 3063 556 3111 V
577 3059 588 3125 11
617 3063 666 3112 669
689 3061 813 3126 hiatque)
834 3066 863 3110 at
881 3063 907 3109 iu
924 3059 1028 3109 rar.E²
1057 3057 1075 3124 11

166 3131 214 3178 671
239 3128 353 3193 pandit)
380 3130 416 3179 nd
438 3132 464 3178 in
491 3146 544 3179 ras.
568 3126 657 3194 11811
698 3131 747 3179 672
778 3129 895 3192 incipiet
922 3129 948 3176 V
985 3123 998 3192 11
1031 3129 1080 3178 676

165 3196 223 3246 tale
247 3213 303 3247 non
324 3197 408 3246 dubie
426 3196 500 3246 solet
518 3197 542 3246 Α
574 3202 655 3248 nocte
679 3199 721 3247 sic
742 3197 828 3245 mixta
852 3195 924 3246 solet
946 3195 1001 3243 EV
1024 3194 1083 3256 (ced

165 3264 206 3313 tte
223 3265 317 3327 mista)
334 3266 483 3314 [Palatinus
506 3261 519 3330 11
541 3267 676 3316 677-678
695 3267 778 3315 deterri
800 3261 884 3329 11678
902 3263 1007 3325 Hincq3
1024 3264 1050 3311 V
1059 3260 1070 3328 11

166 3347 200 3380 un
228 3335 360 3397 pergat?
399 3328 410 3398 11
448 3334 496 3384 681
521 3347 621 3398 agger
648 3349 667 3383 α
704 3329 716 3398 11
752 3335 801 3381 683
828 3330 955 3379 immensi
981 3329 1006 3377 E
1039 3331 1079 3380 in·

165 3400 297 3450 mensiV
317 3400 464 3450 sinusEV
482 3401 613 3449 immenso
633 3401 733 3449 sinnA
755 3396 766 3464 11
791 3399 841 3447 684
859 3397 971 3447 letheA
995 3397 1083 3465 lethes

166 3465 191 3514 E
217 3466 307 3526 lethes
326 3469 380 3530 qu
410 3465 422 3533 11
457 3469 506 3517 686
532 3468 656 3518 fletibus
683 3469 724 3516 ed.
743 3467 804 3530 Bip.
838 3461 850 3531 11
