2440 3966
194 186 258 250 490
581 201 724 249 moneri

195 360 285 402 cerno
301 341 413 420 iugules
431 343 541 420 pariter
556 349 585 402 et
600 344 693 403 miror
709 360 792 403 meus

195 429 225 486 in
242 428 307 506 quis
323 427 412 488 residi
428 427 513 487 iesse.
545 430 712 488 uenientem
729 430 829 488 intuor

196 514 354 573 comitante
370 512 456 573 turbe
473 512 628 588 coniugem
645 513 794 592 quondum
812 530 909 574 meurn

196 607 364 676 nutumque.
395 604 537 676 properat
551 605 653 674 petere
669 597 840 678 eontpiexus
856 616 938 660 ineos

196 682 349 757 Crispinus
364 683 530 742 intermisse
546 682 640 743 libare
655 683 769 743 oscula:

195 767 302 842 irrupit
316 768 394 827 inter
409 775 485 828 tecte
501 785 567 828 eunt
584 767 716 844 trepidus
732 786 796 828 rnen

196 868 355 929 ensemque
370 851 469 929 iugulo
487 851 616 912 condidit
632 869 754 914 saeuum
770 853 859 914 Nero.

197 935 313 996 tendent
331 937 459 1012 quietern
476 951 600 1012 magnus
616 939 745 998 excussit
761 947 873 999 trernor

196 1018 310 1100 [quatit
324 1038 381 1080 ora
395 1030 423 1080 et
437 1029 525 1082 artus
539 1024 685 1084 horridus
700 1031 818 1086 nostros
833 1021 958 1102 tremor]

195 1103 349 1184 pulsetque
365 1113 476 1182 peetus.
509 1107 640 1166 eontinet
655 1125 759 1167 uoeern
777 1109 864 1168 timor

195 1207 281 1266 quern
299 1208 379 1250 nune
395 1190 466 1250 tides
482 1192 636 1269 pietasque
652 1192 790 1268 produxit
807 1203 866 1253 tue.

194 1273 252 1333 heu
269 1273 339 1353 quid
356 1275 506 1339 minentur
521 1275 648 1335 inierurn
667 1293 768 1338 menos
784 1277 856 1338 rnihi

194 1366 244 1417 aut
260 1376 346 1436 quem
364 1377 500 1422 eruorem
518 1361 651 1438 coniugis
666 1361 727 1421 uidi
742 1362 820 1424 mei?

194 1456 297 1502 nure.
315 1461 520 1523 quaecumque
537 1447 643 1506 ruentis
658 1449 748 1522 agitat
764 1447 887 1508 infestus
903 1447 991 1524 uigor

195 1547 228 1589 ea
245 1546 299 1607 per
314 1530 441 1607 quietem
457 1547 542 1590 sooer
559 1539 587 1590 et
601 1548 726 1590 arcenus
742 1532 835 1592 refert

194 1613 340 1691 ueloxque
355 1631 469 1676 sensus.
501 1615 657 1690 coniugem
675 1614 819 1676 thalamos
834 1631 925 1692 rogos

195 1697 304 1756 uidisse
320 1706 348 1757 te
364 1700 482 1758 miraris
497 1698 634 1776 amplexu
650 1701 721 1760 noui

195 1782 321 1842 haerens
336 1783 452 1842 meriti?
474 1783 526 1845 sed
544 1793 664 1844 mouent
678 1783 754 1846 laeto
771 1784 819 1846 die

194 1865 307 1944 pulsata
323 1866 428 1945 palmis
445 1876 563 1945 pectora
581 1879 610 1930 et
625 1869 707 1930 fusae
723 1888 835 1932 eumne.

194 1949 334 2012 Octauiae
351 1952 472 2012 discidia
488 1952 667 2032 planxerunt
683 1972 784 2016 saeros

195 2087 398 2097 Ἢ

262 2155 310 2204 742
334 2157 362 2204 in
385 2157 445 2220 quis
470 2157 494 2206 Α
524 2155 670 2218 inquibus
693 2157 720 2205 V
740 2153 750 2222 ii
775 2155 866 2207 resedi
884 2157 908 2206 Α
927 2157 1033 2207 reseidi
1051 2155 1108 2239 313

859 2233 871 2260 0

194 2271 278 2322 residi
291 2273 344 2323 NP.
357 2269 370 2340 [l
383 2275 474 2325 intuor
487 2276 510 2323 Α
530 2275 641 2324 intueor
655 2273 675 2324 0
687 2274 711 2324 B
724 2275 785 2326 312
804 2277 896 2324 intuor
918 2276 945 2324 V
953 2271 965 2342 {l
980 2275 1111 2326 742-744

192 2341 219 2388 in
236 2357 314 2406 murp.
334 2343 419 2391 adeor.
438 2349 496 2392 erent
513 2344 539 2390 in
557 2342 618 2392 312
635 2339 647 2408 N
669 2343 717 2392 743
738 2357 797 2391 eum
817 2343 967 2393 eomitante
989 2339 1039 2409 ΟΙΙ
1055 2347 1109 2391 ten·
1183 2399 1184 2414 ἶ

194 2408 254 2457 dem
268 2423 356 2458 meum
368 2411 394 2458 B
410 2407 422 2475 Η
438 2411 487 2460 745
505 2410 641 2458 Pristinos
656 2413 684 2458 et
697 2409 717 2458 0
734 2411 867 2474 pristinus
887 2416 914 2460 et
931 2411 957 2460 B
976 2411 1111 2461 Pristinus

193 2476 307 2526 31213
332 2478 462 2542 pristinos
485 2479 510 2527 V
532 2477 675 2542 Crispinus
695 2483 723 2526 et
740 2493 760 2527 α
776 2474 822 2544 He
840 2477 935 2528 osenla
953 2475 1112 2544 31311746
1183 2485 1184 2544 j

193 2545 325 2609 inrumpit
348 2547 372 2594 V
383 2543 394 2611 ΙΙ
411 2546 485 2594 intra
503 2546 528 2594 Α
546 2547 619 2594 iuter
637 2546 740 2596 31213
752 2545 778 2594 B
794 2542 806 2612 ΙΙ
823 2550 880 2596 tum
899 2548 924 2596 A
943 2546 1010 2598 dum
1022 2546 1111 2609 31311

193 2611 317 2674 trepidus
331 2613 356 2661 Α
368 2614 433 2664 313
446 2613 558 2678 rapidus
572 2614 596 2662 B
609 2613 680 2665 Suet.
695 2613 758 2663 Ner.
765 2616 812 2664 49:
826 2614 1001 2678 trepidanter
1017 2641 1049 2650 —
1063 2615 1113 2663 fer-

194 2693 252 2726 rum
265 2679 359 2742 iugulo
373 2679 475 2744 adegit.
490 2678 502 2748 N
513 2697 574 2731 mea
584 2698 605 2730 ω
618 2681 705 2730 Nero
721 2681 844 2731 Gruterus
855 2678 867 2747 Η
881 2683 929 2732 747
943 2683 1042 2731 condit
1054 2683 1113 2732 313

194 2759 307 2795 saeuum
317 2746 390 2796 Nero
401 2747 426 2797 Α
437 2747 500 2799 313
514 2749 601 2798 ferum
617 2747 790 2813 iugplpnero
802 2751 863 2798 312
875 2750 979 2799 ferrum
989 2765 1060 2800 nero
1072 2748 1114 2799 sed

194 2817 219 2862 111
231 2828 311 2877 marp.
330 2815 375 2864 uel
388 2831 483 2866 senum
496 2817 521 2866 B
540 2832 654 2867 saeuum
673 2832 741 2868 meo
761 2817 832 2866 Grut.
846 2820 895 2868 sed
904 2818 968 2868 duee
981 2820 1020 2867 ad
1033 2819 1113 2868 Nero·

174 2936 177 2944 ¹
194 2883 233 2931 nis
245 2887 348 2932 mortem
360 2890 479 2947 spectare
492 2892 562 2934 recte
575 2887 730 2936 contendunt
742 2892 768 2934 et
784 2885 810 2934 Τ.
823 2883 892 2934 Bau.
906 2893 932 2935 et
944 2885 975 2937 F.
994 2885 1115 2936 Valerus.

193 2949 343 3014 Poppaeam
360 2953 410 3002 ietu
422 2952 501 3004 culeis
518 2969 534 3002 a
547 2953 650 3004 Nerone
664 2957 771 3004 occisum
789 2967 845 3002 esse
864 2953 945 3004 tradit
964 2952 1041 3004 Suet.
1057 2953 1116 3002 Ner.

195 3020 237 3068 35.
262 3013 273 3084 N
298 3019 346 3070 748
365 3020 447 3070 timor
465 3037 487 3069 ω
516 3025 632 3071 tremor
650 3021 762 3072 restituit
779 3021 834 3070 NP.
853 3035 888 3070 ex
906 3038 930 3070 u.
948 3036 1004 3086 seq.
1033 3017 1046 3088 ΙΙ
1071 3021 1116 3071 749

193 3101 292 3136 uersuum
306 3093 330 3136 et
339 3087 388 3138 RP
398 3095 424 3138 et
435 3089 493 3137 milri
503 3095 645 3152 suspectum
655 3089 744 3138 deletui.
763 3089 886 3138 ornittitur
898 3087 924 3138 in
934 3094 1012 3138 teoetu
1021 3089 1116 3139 codicis

195 3188 227 3248 B,
247 3190 272 3237 in
290 3203 369 3253 uturp,
388 3191 521 3253 aduriptur
539 3197 577 3238 est
595 3207 611 3240 α
629 3187 714 3256 111211
732 3165 801 3240 sinor
820 3187 924 3256 011760
942 3189 1042 3254 pulsat
1062 3188 1116 3253 (om.

195 3255 258 3320 que)
279 3255 372 3306 0312
396 3253 407 3324 ΙΙ
431 3259 480 3307 tut
499 3257 611 3307 Nutricis
629 3266 712 3308 notum
730 3273 776 3310 om.
796 3259 859 3310 R13
882 3256 893 3326 Η
917 3257 1064 3308 intentus
1086 3258 1116 3306 ei.

196 3321 274 3374 eron.
299 3324 430 3375 infectus
453 3327 484 3374 ei.
504 3326 559 3375 3Ρ.
589 3322 603 3390 Η
616 3398 619 3403 ι
631 3329 678 3376 757
697 3329 748 3397 mis
766 3326 891 3378 mirarere
909 3326 971 3375 312
995 3323 1117 3390 (litterae

194 3423 244 3470 mis
263 3431 288 3472 et
307 3440 321 3472 c
340 3427 437 3475 lineolis
455 3426 571 3488 deletae)
591 3423 601 3493 [Ι
623 3429 671 3478 758
690 3401 772 3477 maier
791 3423 832 3493 ΟΙΙ
845 3427 902 3477 leta
921 3425 945 3474 B
958 3427 1023 3476 312
1043 3427 1118 3476 laeto

197 3491 219 3534 A
245 3485 256 3552 ii
281 3490 330 3540 760
355 3492 462 3544 desidia
481 3494 582 3544 3313
605 3495 723 3546 discidia
746 3498 771 3546 V
782 3496 879 3546 3120
900 3491 912 3560 Η
