2502 3978
179 193 240 258 158
458 207 488 254 u.
505 205 640 254 sunam
656 205 811 253 senecae
880 253 886 266 ,

178 348 280 408 aether
296 355 326 407 et
340 349 411 407 atris
427 344 556 406 nubibus
572 346 680 406 condat
695 345 773 405 diem

178 451 212 494 ac
228 439 327 494 uestra
343 439 424 491 retro
440 431 537 491 sidera
552 429 689 508 obliquos
705 438 793 507 agant

177 524 290 577 retorta
306 533 419 577 cursus.
450 524 541 592 tuque
556 515 703 575 sidereum
720 522 808 594 caput
954 528 976 567 r.
991 527 1095 569 cxxvn
1116 521 1167 571 685

177 603 291 662 radiate
306 601 391 661 Titan
408 608 439 659 tu
457 601 539 660 nelas
554 600 654 675 stirpis
669 606 737 659 tuae

179 685 352 764 speculerel
375 683 470 744 lucem
487 701 589 758 merge
605 691 635 743 et
650 685 679 742 in
696 683 835 762 tenebras
850 685 927 761 luge.

145 775 165 830 Γ
222 771 281 831 Cur
297 771 398 830 dextra
415 768 517 829 diuum
532 774 631 828 rector
647 776 736 846 atque
751 768 903 829 bominum
921 775 1006 829 uacat

178 864 227 915 tua
244 872 299 915 nec
316 852 435 914 trisulca
450 854 578 912 mundus
594 853 722 914 ardescit
736 853 821 914 lace?
888 883 891 890 .
924 859 933 878 ⁶

177 942 207 998 in
223 957 271 999 me
287 948 365 999 tona.
395 956 442 997 me
458 938 522 1016 lige.
554 955 600 997 me
617 936 702 998 uelox
719 944 832 998 cremet

177 1031 343 1084 transactus
358 1023 444 1100 ignis.
473 1040 537 1081 sum
555 1039 665 1082 nocens
681 1023 776 1082 merui
792 1024 882 1082 mori:

177 1108 275 1187 placui
291 1123 450 1168 nouercae.
468 1139 514 1182 ··.
525 1107 631 1184 dignus
648 1124 685 1166 en
702 1109 847 1185 stupris
863 1125 917 1184 ego

177 1191 396 1269 scelerique
411 1197 492 1250 tanto
509 1191 607 1250 uisus?
630 1207 685 1267 ego
701 1189 781 1251 solus
796 1191 850 1252 tibi

185 1277 306 1337 materia
321 1275 432 1335 sacilis‘t
455 1276 512 1335 hoc
527 1291 611 1336 meus
626 1276 734 1336 meruit
749 1276 846 1353 rigor?

144 1363 172 1421 f'
227 1361 252 1421 0
267 1359 411 1420 scelere
426 1361 549 1419 uincens
564 1376 651 1419 omne
668 1360 828 1421 femineum
845 1377 947 1438 genus.

61 1444 66 1452 '
177 1447 306 1506 amalus
321 1463 391 1505 ausa
409 1452 504 1504 matre
519 1445 708 1505 monstrilera
725 1443 833 1504 malum

176 1532 326 1608 genetrice
342 1531 435 1606 peior.
464 1527 511 1588 illa
529 1547 560 1588 se
576 1536 690 1588 tantum
706 1536 837 1608 stupro

66 1621 70 1630 '
176 1615 391 1675 contaminauit
404 1622 434 1672 et
448 1621 547 1673 tamen
563 1614 682 1673 tacitum
700 1613 749 1673 diu

176 1701 288 1759 crimen
305 1697 424 1758 bilornrl
442 1705 543 1775 partus
559 1696 693 1757 exhibuit
707 1705 775 1757 nota

176 1782 378 1860 scelusque
393 1783 496 1841 matris
511 1781 607 1859 arguit
624 1780 706 1842 uultu
721 1783 797 1842 truci

175 1867 331 1944 anrbiguus
346 1866 452 1926 iulans.
484 1865 531 1927 ille
546 1878 574 1926 te
589 1875 695 1926 uenter
711 1866 784 1925 tulit.

142 1955 165 2013 ε’
220 1950 245 2011 0
261 1960 306 2011 ter
322 1958 486 2028 quaterque
501 1969 647 2029 prospero
663 1951 723 2010 lato
739 1952 798 2011 dati

175 2053 248 2112 quos
265 2036 363 2096 hausit
378 2040 407 2094 et
421 2038 549 2113 peremit
564 2042 593 2095 et
608 2035 667 2095 leto
682 2035 763 2095 dedit

175 2119 273 2181 odium
290 2119 443 2197 dolusque.
472 2121 590 2196 genitor
605 2119 724 2180 inuidec
740 2118 807 2178 tibi:

175 2203 308 2264 colchide
324 2222 454 2264 nouerca
471 2206 565 2264 maius
581 2204 638 2262 hoc
654 2206 748 2265 rnaius
763 2203 872 2263 malum
889 2212 941 2264 est.

145 2319 163 2368 g
219 2302 274 2348 ΡΗ.
298 2289 335 2348 Et
350 2290 412 2365 ipsa
429 2297 547 2348 nestrae
563 2288 620 2348 lata
637 2305 783 2364 cognosco
799 2288 919 2349 domus:

174 2371 313 2450 fugienda
329 2373 456 2450 petimus
472 2372 523 2434 sed
540 2374 598 2433 mei
614 2390 674 2431 non
690 2389 755 2432 sum
772 2382 885 2450 potens.

174 2456 267 2518 leuel
283 2474 337 2534 per
352 2459 436 2534 ignes
451 2473 506 2534 per
522 2475 603 2516 mare
619 2459 754 2517 insanum
771 2473 878 2536 sequar

173 2559 323 2622 rupesque
340 2548 368 2602 et
384 2559 486 2601 amnes
502 2542 579 2602 unda
598 2559 672 2618 quos
688 2549 807 2602 torrens
823 2543 913 2618 rapit,
988 2618 992 2624 Ι

172 2643 358 2704 quacumque
374 2643 494 2704 gressus
509 2625 610 2686 tuleris
623 2626 678 2685 hac
694 2644 796 2686 amens
811 2643 891 2703 agar.

138 2713 147 2728 ¹
171 2711 277 2770 iterum
294 2709 423 2789 superbe
439 2708 563 2786 genibus
580 2709 723 2770 aduoluor
738 2713 805 2770 tuis.

136 2800 162 2874 g'
216 2808 308 2854 ΗΙΡΡ.
332 2793 440 2855 Procul
456 2794 610 2872 inpudicos
626 2812 753 2872 corpore
770 2813 785 2854 a
802 2803 882 2855 casto
898 2813 1004 2857 arnone

171 2886 275 2939 tactus,
304 2879 447 2958 quidhoc
464 2879 526 2939 estl
549 2880 635 2938 etlam
652 2880 681 2938 in
697 2878 851 2957 amplexus
866 2880 943 2940 ruit?

237 3083 287 3132 684
306 3097 342 3130 ac
357 3096 438 3131 uersa
457 3083 482 3130 A
502 3086 632 3130 acuestra
650 3080 676 3130 Ε
688 3077 699 3147 l}
711 3082 762 3131 686
780 3087 888 3132 tantum
906 3084 1043 3134 uenales
1062 3086 1090 3136 E

168 3151 240 3197 titan
258 3153 288 3198 tu
305 3149 387 3198 nefas
405 3149 430 3197 A
454 3145 466 3214 ll
489 3149 538 3199 687
557 3147 701 3214 speculare
720 3150 745 3198 A
768 3149 912 3214 speculare
930 3150 956 3199 E
973 3157 993 3204 t.
1015 3151 1060 3203 Gr.
1081 3151 1091 3218 ΙΙ

120 3267 123 3274 ,
167 3219 216 3267 692
236 3217 335 3282 dignus
355 3231 390 3266 an
410 3216 434 3265 A
457 3215 555 3280 dignus
575 3232 608 3267 en
627 3217 652 3264 E
667 3213 679 3282 ΙΙ
696 3219 746 3266 693
764 3217 918 3282 scelerique
936 3219 978 3268 Ae
996 3219 1089 3271 scele-

166 3285 259 3348 risque
276 3281 385 3349 Vitatis
403 3284 526 3333 femineo
545 3289 577 3336 cl.
590 3285 665 3334 NHe.
686 3285 944 3335 monstriferum
962 3288 993 3336 οἱ.
1006 3285 1059 3338 Bo.
1078 3287 1090 3352 fl

167 3351 217 3398 696
234 3356 305 3400 anob
321 3353 422 3400 inclusa
439 3351 491 3402 Bo.
523 3349 527 3418 l
550 3353 600 3402 699
618 3352 744 3402 biformis
763 3354 787 3402 A
814 3354 932 3403 triformi
951 3353 976 3402 Ε
999 3349 1011 3419 ΙΙ
1035 3357 1089 3404 '102

167 3415 236 3540 gaer
248 3423 278 3527 sn}
292 3419 350 3545 suad
369 3421 400 3466 ct.
420 3415 513 3484 nnat
538 3421 588 3469 705
606 3420 689 3469 haec
707 3424 739 3470 ci.
760 3421 834 3470 NHs.
848 3417 859 3486 ll
872 3423 921 3471 '110
938 3435 1042 3485 sequar
1061 3424 1088 3472 A
