2516 3998
447 272 630 322 uuncvuus
655 262 821 344 [nunnus]

372 413 476 475 Pastor
493 412 589 490 gelida
605 431 677 474 cana
693 416 798 492 pruina

330 516 421 576 grege
437 499 558 558 dimisso
574 498 682 577 pabula
699 502 804 578 carpit.

329 581 403 642 ludit
418 591 502 660 prato
518 581 594 643 liber
610 590 712 660 aperto

328 668 460 728 nondum
476 673 563 745 rupta
580 667 679 728 lronte
694 668 856 730 iuuencusr

328 769 440 813 uacuae
455 759 596 830 reparant
609 752 702 813 ubera
718 762 838 815 matres.

330 842 410 896 errat
426 853 515 896 cursu
533 834 607 896 leuis
622 838 736 898 incerto

329 919 411 981 rnolli
426 919 564 998 petulans
578 921 691 981 haedus
705 923 737 981 in
752 922 846 984 herba

370 1073 484 1134 Pendet
498 1091 613 1134 summo
631 1072 755 1134 stridula
770 1091 854 1134 ramo

326 1259 498 1321 pennasque
513 1259 592 1302 nouo
608 1243 726 1304 tradere
742 1243 797 1304 soli

328 1328 415 1403 gestit
430 1325 569 1404 querulos
582 1328 661 1388 inter
677 1327 762 1388 nidos

327 1410 440 1470 thracia
455 1409 561 1489 paelex

327 1495 474 1572 turbaque
490 1497 570 1556 circa
586 1495 708 1557 confusa
725 1505 810 1558 sonat

327 1596 481 1641 murmuro
496 1581 588 1640 mixto
605 1588 710 1642 testata
727 1580 814 1642 diem.

331 1659 487 1746 [carbasa]

370 1816 469 1877 Credit
484 1815 591 1876 dubius
605 1818 704 1876 nauita
722 1814 830 1896 [ottae]
847 1819 942 1878 uentis
1081 1861 1108 1910 0

327 1900 410 1961 laxos
426 1918 498 1961 aura
515 1899 681 1978 complente
696 1902 787 1963 sinus.

327 1985 376 2046 hic
392 1987 487 2046 exesis
502 1985 637 2065 pendens
653 1984 782 2065 scopulis

328 2077 378 2130 aut
393 2070 535 2148 deceptos
549 2071 668 2131 instruit
683 2072 788 2132 hamos

327 2161 378 2214 aut
392 2171 555 2232 suspensus

328 2246 443 2318 spectat
456 2258 559 2318 pressa
575 2241 706 2319 praemia
723 2240 833 2300 dextra.

328 2324 417 2384 sentit
432 2323 591 2384 tremulum
606 2324 683 2384 linea
699 2326 822 2402 piscem„

370 2475 449 2537 llaec
464 2479 611 2537 innocuae
627 2476 734 2554 quibus
751 2483 795 2537 est
811 2477 887 2535 uitae

327 2559 483 2636 tranquilla
499 2562 585 2640 quies

330 2653 359 2706 et
373 2644 449 2719 laeta
465 2663 519 2705 suo
534 2653 689 2725 paruoque
705 2644 820 2706 domus.

328 2728 448 2792 turbine
463 2746 570 2806 magno
586 2747 654 2808 spes
670 2730 795 2790 inmanis
813 2725 891 2813 [spes
905 2727 1065 2816 sollicitae]

326 2812 451 2874 urbibus
468 2822 569 2875 errant
585 2815 750 2893 trepidique
766 2822 869 2875 rnetus.

239 2975 301 3030 post
318 2984 341 3016 a.
362 2967 411 3016 146
428 2981 528 3015 uersum
546 2969 674 3016 excidisse
692 2969 790 3016 conieci
812 2963 823 3032 ll
852 2969 902 3018 150
920 2968 995 3017 circa
1012 2967 1093 3018 EVG

169 3037 239 3083 trite
251 3035 275 3083 n
301 3035 403 3084 circum
416 3034 441 3082 Α
465 3029 477 3100 ll
501 3035 550 3084 152
570 3033 763 3084 1530115111
780 3036 871 3085 uentis
890 3051 913 3086 e.
927 3035 953 3084 d.
967 3051 993 3088 n.
1012 3036 1092 3084 uitae

171 3118 194 3151 ao
213 3103 448 3165 interpretamentis
466 3103 505 3151 lio
528 3100 653 3151 Carbasa
671 3109 697 3152 et
722 3101 798 3151 uitae
818 3105 907 3152 deletis
935 3102 1026 3151 uentis
1044 3119 1091 3152 sao

171 3172 229 3219 loeo
247 3171 351 3220 restitui
379 3165 390 3235 ΙΙ
420 3169 555 3219 1541111
575 3185 596 3234 φ
620 3167 632 3235 ll
657 3169 825 3220 153111111111
841 3169 875 3219 V¹
895 3170 999 3234 apicem
1016 3167 1050 3218 V¹
1067 3167 1079 3235 ll

171 3237 223 3285 162
242 3238 303 3286 add.
317 3251 381 3302 spes
400 3237 455 3293 iem
468 3237 577 3301 magnis
589 3237 697 3302 EllEPp
715 3252 777 3302 spes
791 3238 846 3286 iam
859 3237 949 3300 magis
968 3239 1009 3286 uel
1026 3251 1092 3301 spes

148 3305 227 3368 ,iam
240 3305 269 3353 in
287 3304 362 3368 egris
378 3305 404 3354 V
425 3305 480 3353 iam
498 3303 713 3370 11111111181133
735 3319 798 3368 spes
817 3306 846 3352 in
864 3304 971 3368 magnis
986 3303 1008 3353 G
1025 3319 1088 3368 spes

169 3371 200 3420 in
219 3372 295 3436 agris
307 3373 332 3422 B
353 3373 410 3421 iam
422 3386 485 3437 spes
498 3372 527 3421 iu
541 3373 615 3438 agris
627 3373 698 3437 Mop
722 3387 785 3436 spes
799 3377 827 3421 et
839 3373 867 3420 in
886 3371 961 3435 agris
973 3371 999 3420 A
1023 3387 1089 3438 spes

170 3439 321 3490 immanes
340 3439 449 3489 BSoltm.
481 3455 545 3504 spes
568 3441 688 3489 inmanis
704 3440 798 3503 scripsi
820 3446 845 3488 et
864 3442 1013 3503 transposui
1028 3447 1089 3504 post

170 3508 280 3556 11163ω
304 3502 315 3572 ΙΙ
340 3507 389 3557 163
408 3506 552 3557 CHORVS
571 3509 595 3556 A
622 3507 744 3557 Turbine
758 3522 858 3572 magno
872 3522 935 3573 spes
949 3505 1090 3559 sollicitae

169 3573 196 3622 A
216 3590 263 3624 om.
276 3575 338 3637 aaa
356 3575 451 3640 aliquot
469 3575 535 3626 Pall.
554 3573 590 3624 E¹
609 3576 694 3626 adcor.
713 3579 739 3624 ta
757 3591 803 3639 mp.
824 3573 869 3627 E2.
898 3577 964 3626 idem
981 3581 1040 3626 ante
1063 3593 1089 3628 11.
1168 3591 1170 3596 ·
