2490 3984
446 141 628 191 neaeram
645 128 835 210 [aerisve]
1036 125 1102 199 375

223 284 273 347 uel
288 287 319 345 in
335 284 445 344 edonas
459 281 552 343 tollite
567 281 685 343 siluas

225 369 319 449 qualis
334 376 435 430 natum
451 366 563 430 daulias
579 367 656 428 ales

225 455 300 516 solet
314 455 434 515 ismaria
450 452 523 514 llere
539 452 594 513 sub
610 451 726 514 umbra.

225 541 378 600 formam
394 537 524 599 lacrimis
540 544 668 616 aptate
684 539 759 597 meis

225 631 433 702 resonetque
451 621 533 682 malis
549 640 654 700 aspera
670 621 810 681 Trachin.

166 790 181 810 ''
270 793 392 872 Cyprias
407 791 544 853 lacrimas
560 790 679 870 Myrrha
695 799 811 860 tuetur,

223 885 341 956 raptum
357 878 486 937 coniunx
503 876 597 956 Ceyca
613 877 719 954 gemit,

110 959 114 966 ’
223 961 279 1024 sibi
294 960 425 1022 Tantalis
438 967 483 1021 est
497 961 573 1021 laeta
590 969 757 1039 superstes,

223 1047 299 1123 sugit
313 1045 413 1106 uultus
427 1043 591 1106 Philomela
607 1062 677 1106 suos

223 1139 383 1209 natumque
399 1139 507 1190 senat
521 1128 628 1191 flebilis
643 1129 747 1192 Atthis.

221 1234 277 1276 eur
292 1233 358 1276 mea
373 1214 505 1275 nondum

221 1301 342 1376 capiunt
356 1299 495 1360 uolucres
510 1298 648 1360 bracchia
665 1298 801 1377 plumas?

222 1383 292 1443 lelix
307 1381 377 1442 lelix

222 1484 291 1526 eum
308 1465 404 1526 s'ilua
421 1465 526 1526 domus
542 1473 644 1526 nostra
658 1466 773 1526 leretur

222 1551 379 1629 patrioque
394 1549 500 1610 sedens
516 1549 595 1610 ales
612 1550 641 1608 in
658 1567 729 1625 agro

222 1635 351 1695 reseram
367 1633 492 1714 querulo
508 1651 662 1696 murmure
678 1649 763 1694 rasus

222 1717 492 1797 uolucremque
508 1717 610 1780 lolen
626 1717 703 1780 lama
719 1717 867 1796 loquetur.

268 1887 332 1947 Vidi
347 1887 407 1947 uidi

223 1971 390 2032 miseranda
406 1973 464 2032 mei
480 1971 555 2032 lata
570 1972 757 2048 parentis,

223 2075 291 2117 eum
306 2056 422 2118 letifero
439 2057 539 2134 stipite
554 2053 658 2133 pulsus

222 2149 281 2202 tota
297 2141 385 2202 iacuit
400 2157 521 2218 sparsus
536 2141 566 2200 in
582 2140 657 2201 aula.

222 2243 276 2303 pre
292 2227 317 2286 si
334 2226 476 2287 tumulum
493 2226 552 2286 lata
568 2225 733 2296 dedissent,

221 2312 358 2389 quotiens
373 2313 491 2387 genitor
507 2310 696 2387 quaerendus
713 2327 788 2372 eras.

165 2482 171 2501 '
267 2477 391 2539 Potuine
406 2486 486 2538 tuam
502 2485 637 2556 spectare
653 2497 756 2540 necem

222 2563 354 2623 nondum
369 2570 487 2624 teneras
502 2565 607 2624 uestite
624 2579 717 2640 genas

248 2919 296 2969 192
322 2917 435 2968 edonias
454 2917 505 2968 ΕΑ
536 2917 639 2968 edomas
657 2919 711 2969 Et.
727 2921 805 2972 Gran.
835 2917 847 2986 ss
875 2919 1014 2986 poniteli
1044 2920 1099 2971 tol-

175 2985 228 3036 lite
248 2988 272 3035 A
296 2981 300 3051 Ι
333 2988 381 3037 193
401 2985 509 3037 dauliaa
527 2986 578 3036 EA
598 2986 715 3038 dauniae
715 2997 756 3104 Εψ
777 2983 788 3056 [Ι
813 2989 861 3038 197
881 2987 984 3053 Cypria
1002 2988 1027 3037 E
1046 2987 1098 3053 Cy-

177 3055 253 3120 prias
266 3054 291 3104 A
311 3049 316 3120 l
327 3054 436 3120 myrtha
448 3053 474 3102 E
485 3050 559 3120 [1200
571 3053 741 3119 iylomeiaE
752 3056 911 3121 philomena
923 3064 947 3119 ψ
960 3071 1030 3106 corr.
1044 3073 1063 3105 α
1082 3056 1095 3118 ΙΙ

176 3159 227 3207 201
252 3155 337 3208 atthis
355 3156 381 3206 Ε
409 3157 482 3218 Itym
499 3157 525 3205 A
554 3151 567 3218 H
595 3158 645 3206 206
664 3133 744 3209 sedes
763 3158 787 3207 Ε
815 3155 828 3223 ΙΙ
860 3160 910 3209 207
930 3171 1011 3208 casua
1029 3157 1095 3207 Ere

177 3229 292 3289 questus
310 3227 336 3275 A
357 3225 368 3291 Η
388 3225 439 3276 208
457 3225 533 3274 fama
551 3223 602 3272 E‘
609 3227 635 3274 in
653 3230 722 3275 meo’
741 3226 847 3289 Lipsiae
869 3225 951 3291 (qaod
968 3227 1000 3276 de
1020 3223 1094 3275 Orta-

176 3295 245 3344 ta‘ano
270 3309 318 3359 quo
342 3295 418 3343 etiam
439 3293 628 3358 Raphelenyius
651 3299 691 3342 eet
711 3309 783 3351 usus,
806 3309 857 3345 non
879 3296 911 3344 de
934 3293 974 3343 M)
997 3296 1093 3344 intelle·

176 3360 296 3424 aeneum)
314 3361 396 3411 turba
414 3363 439 3411 A
461 3358 472 3427 ΙΙ
492 3362 542 3411 210
560 3363 638 3413 fame
656 3355 681 3408 Ε
700 3361 760 3411 iata
779 3363 804 3411 A
821 3357 833 3428 ll
854 3363 902 3411 211
921 3362 1051 3412 laetifero
1071 3361 1095 3410 Ε

178 3426 291 3479 letifero
310 3430 335 3477 A
353 3429 436 3478 luetii
438 3429 525 3478 eroR
548 3426 559 3495 ll
583 3431 633 3478 213
651 3429 704 3480 Pro
723 3445 769 3482 em.
788 3429 813 3478 Ε
836 3426 848 3494 Η
