<?xml version="1.0" encoding="UTF-8"?>
<!DOCTYPE html PUBLIC "-//W3C//DTD XHTML 1.0 Transitional//EN"
    "http://www.w3.org/TR/xhtml1/DTD/xhtml1-transitional.dtd">
<html xmlns="http://www.w3.org/1999/xhtml" xml:lang="en" lang="en">
 <head>
  <title>
</title>
<meta http-equiv="Content-Type" content="text/html;charset=utf-8" />
  <meta name='ocr-system' content='tesseract 3.04.00' />
  <meta name='ocr-capabilities' content='ocr_page ocr_carea ocr_par ocr_line ocrx_word'/>
</head>
<body>
  <div class='ocr_page' id='page_1' title='image "./lannaeisenecaet06senegoog_0080.png"; bbox 0 0 2516 3998; ppageno 0'>
   <div class='ocr_carea' id='block_1_1' title="bbox 454 198 823 280">
    <p class='ocr_par' dir='ltr' id='par_1_1' title="bbox 454 198 823 280">
     <span class='ocr_line' id='line_1_1' title="bbox 454 198 823 280; baseline 0.005 -22"><span class='ocrx_word' id='word_1_1' title='bbox 454 210 636 258; x_wconf 76' lang='lat' dir='ltr'><strong>uurtcvuus</strong></span> <span class='ocrx_word' id='word_1_2' title='bbox 659 198 823 280; x_wconf 74' lang='lat' dir='ltr'><strong>[annuus]</strong></span> 
     </span>
    </p>
   </div>
   <div class='ocr_carea' id='block_1_2' title="bbox 133 350 1161 1613">
    <p class='ocr_par' dir='ltr' id='par_1_2' title="bbox 133 350 1161 1613">
     <span class='ocr_line' id='line_1_2' title="bbox 181 350 891 429; baseline 0.004 -18"><span class='ocrx_word' id='word_1_3' title='bbox 181 351 230 429; x_wconf 87' lang='lat' dir='ltr'><strong>qui</strong></span> <span class='ocrx_word' id='word_1_4' title='bbox 246 350 365 411; x_wconf 84' lang='lat' dir='ltr'><strong>aduexit</strong></span> <span class='ocrx_word' id='word_1_5' title='bbox 381 357 410 412; x_wconf 89' lang='lat' dir='ltr'><strong>et</strong></span> <span class='ocrx_word' id='word_1_6' title='bbox 425 368 500 429; x_wconf 89' lang='lat' dir='ltr'><strong>quae</strong></span> <span class='ocrx_word' id='word_1_7' title='bbox 515 351 608 412; x_wconf 90' lang='lat' dir='ltr'><strong>iussit.</strong></span> <span class='ocrx_word' id='word_1_8' title='bbox 637 353 668 410; x_wconf 92' lang='lat' dir='ltr'><strong>in</strong></span> <span class='ocrx_word' id='word_1_9' title='bbox 684 369 795 429; x_wconf 90' lang='lat' dir='ltr'><strong>poenas</strong></span> <span class='ocrx_word' id='word_1_10' title='bbox 809 371 891 414; x_wconf 91' lang='lat' dir='ltr'><strong>meas</strong></span> 
     </span>
     <span class='ocr_line' id='line_1_3' title="bbox 181 433 857 516; baseline 0.003 -20"><span class='ocrx_word' id='word_1_11' title='bbox 181 441 270 514; x_wconf 89' lang='lat' dir='ltr'><strong>atque</strong></span> <span class='ocrx_word' id='word_1_12' title='bbox 284 437 315 494; x_wconf 95' lang='lat' dir='ltr'><strong>in</strong></span> <span class='ocrx_word' id='word_1_13' title='bbox 331 433 450 496; x_wconf 89' lang='lat' dir='ltr'><strong>labores</strong></span> <span class='ocrx_word' id='word_1_14' title='bbox 471 453 530 494; x_wconf 94' lang='lat' dir='ltr'><strong>non</strong></span> <span class='ocrx_word' id='word_1_15' title='bbox 546 436 617 495; x_wconf 90' lang='lat' dir='ltr'><strong>satis</strong></span> <span class='ocrx_word' id='word_1_16' title='bbox 631 444 729 496; x_wconf 89' lang='lat' dir='ltr'><strong>terrac</strong></span> <span class='ocrx_word' id='word_1_17' title='bbox 745 445 857 516; x_wconf 86' lang='lat' dir='ltr'><strong>patent.</strong></span> 
     </span>
     <span class='ocr_line' id='line_1_4' title="bbox 145 520 824 582; baseline 0.004 -3"><span class='ocrx_word' id='word_1_18' title='bbox 145 529 164 579; x_wconf 90' lang='lat' dir='ltr'><strong>b</strong></span> <span class='ocrx_word' id='word_1_19' title='bbox 225 520 346 580; x_wconf 92' lang='lat' dir='ltr'><strong>lunonis</strong></span> <span class='ocrx_word' id='word_1_20' title='bbox 362 520 428 582; x_wconf 90' lang='lat' dir='ltr'><strong>odio</strong></span> <span class='ocrx_word' id='word_1_21' title='bbox 444 520 504 581; x_wconf 95' lang='lat' dir='ltr'><strong>uidi</strong></span> <span class='ocrx_word' id='word_1_22' title='bbox 519 521 670 580; x_wconf 89' lang='lat' dir='ltr'><strong>inaccessa</strong></span> <span class='ocrx_word' id='word_1_23' title='bbox 687 521 824 582; x_wconf 88' lang='lat' dir='ltr'><strong>omnibus</strong></span> 
     </span>
     <span class='ocr_line' id='line_1_5' title="bbox 179 602 812 684; baseline 0.003 -20"><span class='ocrx_word' id='word_1_24' title='bbox 179 604 278 679; x_wconf 83' lang='lat' dir='ltr'><strong>ignota</strong></span> <span class='ocrx_word' id='word_1_25' title='bbox 294 602 415 665; x_wconf 85' lang='lat' dir='ltr'>Phoebo</span> <span class='ocrx_word' id='word_1_26' title='bbox 431 623 564 684; x_wconf 89' lang='lat' dir='ltr'><strong>quaeque</strong></span> <span class='ocrx_word' id='word_1_27' title='bbox 581 605 711 666; x_wconf 76' lang='lat' dir='ltr'><strong>deterior</strong></span> <span class='ocrx_word' id='word_1_28' title='bbox 727 605 812 684; x_wconf 91' lang='lat' dir='ltr'><strong>polus</strong></span> 
     </span>
     <span class='ocr_line' id='line_1_6' title="bbox 180 688 738 768; baseline 0.002 -20"><span class='ocrx_word' id='word_1_29' title='bbox 180 688 307 749; x_wconf 92' lang='lat' dir='ltr'><strong>obscura</strong></span> <span class='ocrx_word' id='word_1_30' title='bbox 323 690 388 749; x_wconf 90' lang='lat' dir='ltr'><strong>diro</strong></span> <span class='ocrx_word' id='word_1_31' title='bbox 403 691 495 768; x_wconf 86' lang='lat' dir='ltr'><strong>spatia</strong></span> <span class='ocrx_word' id='word_1_32' title='bbox 513 691 659 750; x_wconf 80' lang='lat' dir='ltr'><strong>concessit</strong></span> <span class='ocrx_word' id='word_1_33' title='bbox 675 689 738 749; x_wconf 89' lang='lat' dir='ltr'><strong>loui</strong></span> 
     </span>
     <span class='ocr_line' id='line_1_7' title="bbox 180 773 716 852; baseline 0.002 -19"><span class='ocrx_word' id='word_1_34' title='bbox 180 780 208 834; x_wconf 89' lang='lat' dir='ltr'><strong>et</strong></span> <span class='ocrx_word' id='word_1_35' title='bbox 224 774 247 832; x_wconf 93' lang='lat' dir='ltr'><strong>si</strong></span> <span class='ocrx_word' id='word_1_36' title='bbox 263 774 416 852; x_wconf 78' lang='lat' dir='ltr'><strong>placerent</strong></span> <span class='ocrx_word' id='word_1_37' title='bbox 430 774 533 834; x_wconf 76' lang='lat' dir='ltr'><strong>tertiae</strong></span> <span class='ocrx_word' id='word_1_38' title='bbox 549 775 638 833; x_wconf 88' lang='lat' dir='ltr'><strong>sortis</strong></span> <span class='ocrx_word' id='word_1_39' title='bbox 652 773 716 834; x_wconf 89' lang='lat' dir='ltr'><strong>loca</strong></span> 
     </span>
     <span class='ocr_line' id='line_1_8' title="bbox 178 858 414 936; baseline 0.013 -20"><span class='ocrx_word' id='word_1_40' title='bbox 178 875 306 936; x_wconf 81' lang='lat' dir='ltr'><strong>regnare</strong></span> <span class='ocrx_word' id='word_1_41' title='bbox 322 858 414 936; x_wconf 88' lang='lat' dir='ltr'><strong>potui.</strong></span> 
     </span>
     <span class='ocr_line' id='line_1_9' title="bbox 139 942 806 1015; baseline 0 -12"><span class='ocrx_word' id='word_1_42' title='bbox 139 956 166 1015; x_wconf 89' lang='lat' dir='ltr'><strong>b&#39;</strong></span> <span class='ocrx_word' id='word_1_43' title='bbox 445 942 547 1004; x_wconf 87' lang='lat' dir='ltr'><strong>Noctis</strong></span> <span class='ocrx_word' id='word_1_44' title='bbox 562 950 700 1004; x_wconf 80' lang='lat' dir='ltr'><strong>aeternae</strong></span> <span class='ocrx_word' id='word_1_45' title='bbox 716 943 806 1004; x_wconf 89' lang='lat' dir='ltr'><strong>chaos</strong></span> 
     </span>
     <span class='ocr_line' id='line_1_10' title="bbox 179 1027 848 1104; baseline 0.003 -18"><span class='ocrx_word' id='word_1_46' title='bbox 179 1033 208 1087; x_wconf 90' lang='lat' dir='ltr'><strong>et</strong></span> <span class='ocrx_word' id='word_1_47' title='bbox 223 1033 311 1086; x_wconf 90' lang='lat' dir='ltr'><strong>nocte</strong></span> <span class='ocrx_word' id='word_1_48' title='bbox 327 1027 467 1104; x_wconf 85' lang='lat' dir='ltr'><strong>quiddam</strong></span> <span class='ocrx_word' id='word_1_49' title='bbox 483 1028 603 1104; x_wconf 81' lang='lat' dir='ltr'><strong>grauius</strong></span> <span class='ocrx_word' id='word_1_50' title='bbox 619 1036 648 1088; x_wconf 86' lang='lat' dir='ltr'><strong>et</strong></span> <span class='ocrx_word' id='word_1_51' title='bbox 663 1028 761 1089; x_wconf 84' lang='lat' dir='ltr'><strong>tristes</strong></span> <span class='ocrx_word' id='word_1_52' title='bbox 777 1029 848 1089; x_wconf 85' lang='lat' dir='ltr'><strong>deos</strong></span> 
     </span>
     <span class='ocr_line' id='line_1_11' title="bbox 182 1110 770 1190; baseline 0.005 -19"><span class='ocrx_word' id='word_1_53' title='bbox 182 1119 211 1171; x_wconf 91' lang='lat' dir='ltr'><strong>et</strong></span> <span class='ocrx_word' id='word_1_54' title='bbox 226 1110 284 1172; x_wconf 86' lang='lat' dir='ltr'><strong>iata</strong></span> <span class='ocrx_word' id='word_1_55' title='bbox 299 1113 368 1172; x_wconf 91' lang='lat' dir='ltr'><strong>uici.</strong></span> <span class='ocrx_word' id='word_1_56' title='bbox 399 1119 496 1172; x_wconf 90' lang='lat' dir='ltr'><strong>morte</strong></span> <span class='ocrx_word' id='word_1_57' title='bbox 512 1119 680 1190; x_wconf 89' lang='lat' dir='ltr'><strong>contempta</strong></span> <span class='ocrx_word' id='word_1_58' title='bbox 696 1114 770 1175; x_wconf 86' lang='lat' dir='ltr'><strong>redi.</strong></span> 
     </span>
     <span class='ocr_line' id='line_1_12' title="bbox 181 1195 866 1274; baseline 0.004 -18"><span class='ocrx_word' id='word_1_59' title='bbox 181 1196 251 1274; x_wconf 89' lang='lat' dir='ltr'><strong>quid</strong></span> <span class='ocrx_word' id='word_1_60' title='bbox 265 1203 358 1256; x_wconf 89' lang='lat' dir='ltr'><strong>restat</strong></span> <span class='ocrx_word' id='word_1_61' title='bbox 374 1195 468 1256; x_wconf 81' lang='lat' dir='ltr'><strong>aliud?</strong></span> <span class='ocrx_word' id='word_1_62' title='bbox 491 1196 553 1256; x_wconf 92' lang='lat' dir='ltr'><strong>uidi</strong></span> <span class='ocrx_word' id='word_1_63' title='bbox 568 1203 597 1257; x_wconf 90' lang='lat' dir='ltr'><strong>et</strong></span> <span class='ocrx_word' id='word_1_64' title='bbox 612 1197 728 1260; x_wconf 90' lang='lat' dir='ltr'><strong>ostendi</strong></span> <span class='ocrx_word' id='word_1_65' title='bbox 744 1197 866 1259; x_wconf 79' lang='lat' dir='ltr'><strong>inferos</strong></span> 
     </span>
     <span class='ocr_line' id='line_1_13' title="bbox 133 1280 958 1360; baseline 0 -19"><span class='ocrx_word' id='word_1_66' title='bbox 133 1295 169 1354; x_wconf 88' lang='lat' dir='ltr'><strong>b&#39;&#39;</strong></span> <span class='ocrx_word' id='word_1_67' title='bbox 221 1280 272 1350; x_wconf 87' lang='lat' dir='ltr'><strong>Da,</strong></span> <span class='ocrx_word' id='word_1_68' title='bbox 289 1280 399 1360; x_wconf 90' lang='lat' dir='ltr'><strong>siquid</strong></span> <span class='ocrx_word' id='word_1_69' title='bbox 416 1280 491 1340; x_wconf 92' lang='lat' dir='ltr'><strong>ultra</strong></span> <span class='ocrx_word' id='word_1_70' title='bbox 507 1288 560 1341; x_wconf 89' lang='lat' dir='ltr'><strong>est.</strong></span> <span class='ocrx_word' id='word_1_71' title='bbox 590 1283 646 1342; x_wconf 90' lang='lat' dir='ltr'><strong>iam</strong></span> <span class='ocrx_word' id='word_1_72' title='bbox 664 1282 713 1342; x_wconf 92' lang='lat' dir='ltr'><strong>diu</strong></span> <span class='ocrx_word' id='word_1_73' title='bbox 728 1285 838 1359; x_wconf 86' lang='lat' dir='ltr'><strong>pateris</strong></span> <span class='ocrx_word' id='word_1_74' title='bbox 853 1300 958 1344; x_wconf 88' lang='lat' dir='ltr'><strong>manus</strong></span> 
     </span>
     <span class='ocr_line' id='line_1_14' title="bbox 178 1366 846 1444; baseline 0.003 -19"><span class='ocrx_word' id='word_1_75' title='bbox 178 1383 296 1425; x_wconf 87' lang='lat' dir='ltr'><strong>cessare</strong></span> <span class='ocrx_word' id='word_1_76' title='bbox 313 1372 429 1425; x_wconf 90' lang='lat' dir='ltr'><strong>nostras</strong></span> <span class='ocrx_word' id='word_1_77' title='bbox 444 1366 527 1426; x_wconf 91' lang='lat' dir='ltr'><strong>luno.</strong></span> <span class='ocrx_word' id='word_1_78' title='bbox 558 1384 634 1444; x_wconf 89' lang='lat' dir='ltr'><strong>quae</strong></span> <span class='ocrx_word' id='word_1_79' title='bbox 650 1367 731 1427; x_wconf 88' lang='lat' dir='ltr'><strong>uinci</strong></span> <span class='ocrx_word' id='word_1_80' title='bbox 745 1367 846 1427; x_wconf 74' lang='lat' dir='ltr'><strong>iubes?</strong></span> 
     </span>
     <span class='ocr_line' id='line_1_15' title="bbox 235 1449 1161 1528; baseline 0.005 -18"><span class='ocrx_word' id='word_1_81' title='bbox 235 1449 293 1511; x_wconf 89' lang='lat' dir='ltr'><strong>Sed</strong></span> <span class='ocrx_word' id='word_1_82' title='bbox 308 1449 419 1528; x_wconf 86' lang='lat' dir='ltr'><strong>templa</strong></span> <span class='ocrx_word' id='word_1_83' title='bbox 436 1467 528 1526; x_wconf 90' lang='lat' dir='ltr'><strong>quare</strong></span> <span class='ocrx_word' id='word_1_84' title='bbox 543 1449 628 1511; x_wconf 89' lang='lat' dir='ltr'><strong>miles</strong></span> <span class='ocrx_word' id='word_1_85' title='bbox 643 1450 767 1512; x_wconf 81' lang='lat' dir='ltr'><strong>infestus</strong></span> <span class='ocrx_word' id='word_1_86' title='bbox 782 1459 872 1520; x_wconf 86' lang='lat' dir='ltr'><strong>tenet,</strong></span> <span class='ocrx_word' id='word_1_87' title='bbox 1110 1467 1161 1516; x_wconf 76' lang='lat'><strong>620</strong></span> 
     </span>
     <span class='ocr_line' id='line_1_16' title="bbox 178 1533 894 1613; baseline 0.003 -20"><span class='ocrx_word' id='word_1_88' title='bbox 178 1533 327 1613; x_wconf 89' lang='lat' dir='ltr'><strong>limenque</strong></span> <span class='ocrx_word' id='word_1_89' title='bbox 343 1552 460 1595; x_wconf 85' lang='lat' dir='ltr'><strong>sacrum</strong></span> <span class='ocrx_word' id='word_1_90' title='bbox 477 1541 574 1595; x_wconf 88' lang='lat' dir='ltr'><strong>terror</strong></span> <span class='ocrx_word' id='word_1_91' title='bbox 590 1553 743 1597; x_wconf 85' lang='lat' dir='ltr'><strong>armorum</strong></span> <span class='ocrx_word' id='word_1_92' title='bbox 759 1535 894 1596; x_wconf 77' lang='lat' dir='ltr'><strong>obsidet?</strong></span> 
     </span>
    </p>
   </div>
   <div class='ocr_carea' id='block_1_3' title="bbox 207 1729 1055 1782">
    <p class='ocr_par' dir='ltr' id='par_1_3' title="bbox 207 1729 1055 1782">
     <span class='ocr_line' id='line_1_17' title="bbox 207 1729 1055 1782; baseline 0.001 -4"><span class='ocrx_word' id='word_1_93' title='bbox 207 1732 449 1781; x_wconf 77' lang='lat' dir='ltr'><strong>AMPHITRYON.</strong></span> <span class='ocrx_word' id='word_1_94' title='bbox 477 1731 671 1782; x_wconf 76' lang='lat' dir='ltr'><strong>Huucvuus.</strong></span> <span class='ocrx_word' id='word_1_95' title='bbox 703 1733 859 1780; x_wconf 68' lang='lat' dir='ltr'><strong>libutus.</strong></span> <span class='ocrx_word' id='word_1_96' title='bbox 888 1729 1055 1780; x_wconf 71' lang='lat' dir='ltr'><strong>THESEVS.</strong></span> 
     </span>
    </p>
   </div>
   <div class='ocr_carea' id='block_1_4' title="bbox 140 1833 857 2002">
    <p class='ocr_par' dir='ltr' id='par_1_4' title="bbox 140 1833 857 2002">
     <span class='ocr_line' id='line_1_18' title="bbox 140 1833 857 1933; baseline 0.006 -21"><span class='ocrx_word' id='word_1_97' title='bbox 140 1879 161 1912; x_wconf 76' lang='lat' dir='ltr'><strong>a</strong></span> <span class='ocrx_word' id='word_1_98' title='bbox 221 1833 460 1916; x_wconf 52' lang='lat' dir='ltr'><strong>Vtrumne‘utsus</strong></span> <span class='ocrx_word' id='word_1_99' title='bbox 477 1863 544 1916; x_wconf 89' lang='lat' dir='ltr'><strong>uota</strong></span> <span class='ocrx_word' id='word_1_100' title='bbox 561 1856 760 1933; x_wconf 91' lang='lat' dir='ltr'><strong>decipiunt</strong></span> <span class='ocrx_word' id='word_1_101' title='bbox 774 1874 857 1918; x_wconf 86' lang='lat' dir='ltr'><strong>meos</strong></span> 
     </span>
     <span class='ocr_line' id='line_1_19' title="bbox 176 1938 803 2002; baseline 0.008 -5"><span class='ocrx_word' id='word_1_102' title='bbox 176 1956 213 1998; x_wconf 91' lang='lat' dir='ltr'><strong>an</strong></span> <span class='ocrx_word' id='word_1_103' title='bbox 228 1938 278 1999; x_wconf 90' lang='lat' dir='ltr'><strong>ille</strong></span> <span class='ocrx_word' id='word_1_104' title='bbox 293 1939 420 2001; x_wconf 89' lang='lat' dir='ltr'><strong>domitor</strong></span> <span class='ocrx_word' id='word_1_105' title='bbox 436 1940 517 2000; x_wconf 90' lang='lat' dir='ltr'><strong>orbis</strong></span> <span class='ocrx_word' id='word_1_106' title='bbox 533 1948 562 2000; x_wconf 91' lang='lat' dir='ltr'><strong>et</strong></span> <span class='ocrx_word' id='word_1_107' title='bbox 577 1941 697 2002; x_wconf 89' lang='lat' dir='ltr'><strong>Graium</strong></span> <span class='ocrx_word' id='word_1_108' title='bbox 713 1941 803 2002; x_wconf 88' lang='lat' dir='ltr'><strong>decus</strong></span> 
     </span>
    </p>
   </div>
   <div class='ocr_carea' id='block_1_5' title="bbox 134 2022 1160 2610">
    <p class='ocr_par' dir='ltr' id='par_1_5' title="bbox 134 2022 1160 2610">
     <span class='ocr_line' id='line_1_20' title="bbox 176 2022 774 2104; baseline 0.003 -22"><span class='ocrx_word' id='word_1_109' title='bbox 176 2024 253 2084; x_wconf 91' lang='lat' dir='ltr'><strong>tristi</strong></span> <span class='ocrx_word' id='word_1_110' title='bbox 267 2022 401 2094; x_wconf 82' lang='lat' dir='ltr'><strong>silentem</strong></span> <span class='ocrx_word' id='word_1_111' title='bbox 418 2024 520 2085; x_wconf 91' lang='lat' dir='ltr'><strong>nubilo</strong></span> <span class='ocrx_word' id='word_1_112' title='bbox 535 2025 620 2104; x_wconf 88' lang='lat' dir='ltr'><strong>liquit</strong></span> <span class='ocrx_word' id='word_1_113' title='bbox 635 2025 774 2086; x_wconf 74' lang='lat' dir='ltr'><strong>domurn?</strong></span> 
     </span>
     <span class='ocr_line' id='line_1_21' title="bbox 176 2107 888 2188; baseline 0.003 -20"><span class='ocrx_word' id='word_1_114' title='bbox 176 2115 259 2168; x_wconf 89' lang='lat' dir='ltr'><strong>estne</strong></span> <span class='ocrx_word' id='word_1_115' title='bbox 274 2107 323 2168; x_wconf 91' lang='lat' dir='ltr'><strong>ille</strong></span> <span class='ocrx_word' id='word_1_116' title='bbox 339 2110 463 2169; x_wconf 85' lang='lat' dir='ltr'><strong>natus?</strong></span> <span class='ocrx_word' id='word_1_117' title='bbox 485 2110 619 2170; x_wconf 91' lang='lat' dir='ltr'><strong>membra</strong></span> <span class='ocrx_word' id='word_1_118' title='bbox 635 2110 743 2172; x_wconf 88' lang='lat' dir='ltr'><strong>laetitia</strong></span> <span class='ocrx_word' id='word_1_119' title='bbox 760 2119 888 2188; x_wconf 86' lang='lat' dir='ltr'><strong>stupent.</strong></span> 
     </span>
     <span class='ocr_line' id='line_1_22' title="bbox 134 2190 878 2268; baseline 0.007 -18"><span class='ocrx_word' id='word_1_120' title='bbox 134 2190 162 2250; x_wconf 82' lang='lat' dir='ltr'><strong>a&#39;</strong></span> <span class='ocrx_word' id='word_1_121' title='bbox 220 2192 244 2252; x_wconf 88' lang='lat'>0</span> <span class='ocrx_word' id='word_1_122' title='bbox 260 2199 371 2268; x_wconf 81' lang='lat' dir='ltr'><strong>gnate</strong></span> <span class='ocrx_word' id='word_1_123' title='bbox 387 2201 467 2254; x_wconf 90' lang='lat' dir='ltr'><strong>certa</strong></span> <span class='ocrx_word' id='word_1_124' title='bbox 483 2200 516 2254; x_wconf 83' lang='lat' dir='ltr'><strong>at</strong></span> <span class='ocrx_word' id='word_1_125' title='bbox 531 2213 597 2256; x_wconf 89' lang='lat' dir='ltr'><strong>sera</strong></span> <span class='ocrx_word' id='word_1_126' title='bbox 613 2195 783 2256; x_wconf 87' lang='lat' dir='ltr'><strong>Thebarum</strong></span> <span class='ocrx_word' id='word_1_127' title='bbox 799 2195 878 2255; x_wconf 90' lang='lat' dir='ltr'><strong>salus</strong></span> 
     </span>
     <span class='ocr_line' id='line_1_23' title="bbox 176 2279 825 2340; baseline 0.003 -4"><span class='ocrx_word' id='word_1_128' title='bbox 176 2284 304 2338; x_wconf 90' lang='lat' dir='ltr'><strong>teneone</strong></span> <span class='ocrx_word' id='word_1_129' title='bbox 320 2280 453 2338; x_wconf 90' lang='lat' dir='ltr'><strong>inauras</strong></span> <span class='ocrx_word' id='word_1_130' title='bbox 469 2279 579 2340; x_wconf 88' lang='lat' dir='ltr'><strong>editum</strong></span> <span class='ocrx_word' id='word_1_131' title='bbox 596 2298 633 2340; x_wconf 90' lang='lat' dir='ltr'><strong>an</strong></span> <span class='ocrx_word' id='word_1_132' title='bbox 649 2297 725 2340; x_wconf 86' lang='lat' dir='ltr'><strong>uana</strong></span> <span class='ocrx_word' id='word_1_133' title='bbox 742 2281 825 2340; x_wconf 87' lang='lat' dir='ltr'><strong>lruor</strong></span> 
     </span>
     <span class='ocr_line' id='line_1_24' title="bbox 175 2361 951 2440; baseline 0 -18"><span class='ocrx_word' id='word_1_134' title='bbox 175 2361 358 2438; x_wconf 87' lang='lat' dir='ltr'><strong>deceptus</strong></span> <span class='ocrx_word' id='word_1_135' title='bbox 374 2363 499 2422; x_wconf 80' lang='lat' dir='ltr'><strong>umbrat</strong></span> <span class='ocrx_word' id='word_1_136' title='bbox 523 2371 592 2424; x_wconf 90' lang='lat' dir='ltr'><strong>tune</strong></span> <span class='ocrx_word' id='word_1_137' title='bbox 608 2365 657 2424; x_wconf 83' lang='lat' dir='ltr'><strong>es?</strong></span> <span class='ocrx_word' id='word_1_138' title='bbox 670 2399 710 2410; x_wconf 88' lang='lat'>-</span> <span class='ocrx_word' id='word_1_139' title='bbox 723 2381 851 2440; x_wconf 83' lang='lat' dir='ltr'><strong>agnosco</strong></span> <span class='ocrx_word' id='word_1_140' title='bbox 868 2371 951 2424; x_wconf 88' lang='lat' dir='ltr'><strong>toros</strong></span> 
     </span>
     <span class='ocr_line' id='line_1_25' title="bbox 176 2447 887 2526; baseline 0.003 -21"><span class='ocrx_word' id='word_1_141' title='bbox 176 2464 354 2526; x_wconf 89' lang='lat' dir='ltr'><strong>umerosque</strong></span> <span class='ocrx_word' id='word_1_142' title='bbox 371 2456 400 2508; x_wconf 91' lang='lat' dir='ltr'><strong>et</strong></span> <span class='ocrx_word' id='word_1_143' title='bbox 415 2447 472 2508; x_wconf 94' lang='lat' dir='ltr'><strong>alto</strong></span> <span class='ocrx_word' id='word_1_144' title='bbox 489 2447 616 2508; x_wconf 91' lang='lat' dir='ltr'><strong>nobilem</strong></span> <span class='ocrx_word' id='word_1_145' title='bbox 635 2456 741 2508; x_wconf 90' lang='lat' dir='ltr'><strong>trunco</strong></span> <span class='ocrx_word' id='word_1_146' title='bbox 757 2466 887 2509; x_wconf 90' lang='lat' dir='ltr'><strong>manum.</strong></span> 
     </span>
     <span class='ocr_line' id='line_1_26' title="bbox 138 2530 1160 2610; baseline 0.001 -21"><span class='ocrx_word' id='word_1_147' title='bbox 138 2537 157 2586; x_wconf 95' lang='lat' dir='ltr'>b</span> <span class='ocrx_word' id='word_1_148' title='bbox 218 2543 321 2594; x_wconf 76' lang='lat' dir='ltr'><strong>Hunc,</strong></span> <span class='ocrx_word' id='word_1_149' title='bbox 346 2533 427 2594; x_wconf 92' lang='lat' dir='ltr'><strong>Vnde</strong></span> <span class='ocrx_word' id='word_1_150' title='bbox 443 2535 496 2593; x_wconf 89' lang='lat' dir='ltr'><strong>iste</strong></span> <span class='ocrx_word' id='word_1_151' title='bbox 513 2534 628 2610; x_wconf 82' lang='lat' dir='ltr'><strong>genitor</strong></span> <span class='ocrx_word' id='word_1_152' title='bbox 644 2531 764 2610; x_wconf 87' lang='lat' dir='ltr'><strong>squalor</strong></span> <span class='ocrx_word' id='word_1_153' title='bbox 780 2542 809 2592; x_wconf 89' lang='lat' dir='ltr'><strong>ct</strong></span> <span class='ocrx_word' id='word_1_154' title='bbox 824 2530 999 2609; x_wconf 85' lang='lat' dir='ltr'><strong>lugubribus</strong></span> <span class='ocrx_word' id='word_1_155' title='bbox 1109 2537 1160 2586; x_wconf 85' lang='lat'><strong>630</strong></span> 
     </span>
    </p>
   </div>
   <div class='ocr_carea' id='block_1_6' title="bbox 171 2730 1100 3547">
    <p class='ocr_par' dir='ltr' id='par_1_6' title="bbox 171 2730 1100 3547">
     <span class='ocr_line' id='line_1_27' title="bbox 241 2730 1091 2801; baseline -0.002 -16"><span class='ocrx_word' id='word_1_156' title='bbox 241 2737 290 2785; x_wconf 91' lang='grc'><strong>611</strong></span> <span class='ocrx_word' id='word_1_157' title='bbox 310 2751 418 2801; x_wconf 86' lang='lat' dir='ltr'><strong>quaque</strong></span> <span class='ocrx_word' id='word_1_158' title='bbox 434 2735 460 2782; x_wconf 89' lang='lat' dir='ltr'><em>E</em></span> <span class='ocrx_word' id='word_1_159' title='bbox 480 2749 518 2783; x_wconf 70' lang='lat' dir='ltr'><strong>aa</strong></span> <span class='ocrx_word' id='word_1_160' title='bbox 537 2747 622 2798; x_wconf 65' lang='lat' dir='ltr'><strong>queqj</strong></span> <span class='ocrx_word' id='word_1_161' title='bbox 644 2735 672 2784; x_wconf 92' lang='lat' dir='ltr'><em>V</em></span> <span class='ocrx_word' id='word_1_162' title='bbox 689 2730 700 2800; x_wconf 80' lang='lat' dir='ltr'>ss</span> <span class='ocrx_word' id='word_1_163' title='bbox 723 2749 811 2799; x_wconf 75' lang='lat' dir='ltr'><strong>oopus</strong></span> <span class='ocrx_word' id='word_1_164' title='bbox 827 2737 854 2784; x_wconf 84' lang='lat' dir='ltr'><strong>in</strong></span> <span class='ocrx_word' id='word_1_165' title='bbox 871 2732 950 2799; x_wconf 88' lang='lat' dir='ltr'><strong>polus</strong></span> <span class='ocrx_word' id='word_1_166' title='bbox 966 2748 1036 2784; x_wconf 89' lang='lat' dir='ltr'><strong>corr.</strong></span> <span class='ocrx_word' id='word_1_167' title='bbox 1046 2748 1091 2796; x_wconf 84' lang='lat' dir='ltr'><strong>pr.</strong></span> 
     </span>
     <span class='ocr_line' id='line_1_28' title="bbox 174 2799 1092 2870; baseline -0.005 -16"><span class='ocrx_word' id='word_1_168' title='bbox 174 2804 244 2860; x_wconf 83' lang='lat' dir='ltr'><strong>m.E</strong></span> <span class='ocrx_word' id='word_1_169' title='bbox 267 2801 279 2870; x_wconf 82' lang='grc' dir='ltr'><strong>ΙΙ</strong></span> <span class='ocrx_word' id='word_1_170' title='bbox 302 2806 473 2854; x_wconf 85' lang='lat' dir='ltr'><strong>615n0ctem</strong></span> <span class='ocrx_word' id='word_1_171' title='bbox 489 2801 523 2852; x_wconf 89' lang='lat' dir='ltr'><strong>V¹</strong></span> <span class='ocrx_word' id='word_1_172' title='bbox 547 2799 559 2868; x_wconf 88' lang='grc' dir='ltr'><strong>ΙΙ</strong></span> <span class='ocrx_word' id='word_1_173' title='bbox 588 2803 699 2867; x_wconf 89' lang='lat' dir='ltr'><strong>quidem</strong></span> <span class='ocrx_word' id='word_1_174' title='bbox 721 2804 746 2852; x_wconf 94' lang='lat' dir='ltr'><em>V</em></span> <span class='ocrx_word' id='word_1_175' title='bbox 754 2804 816 2852; x_wconf 75' lang='lat' dir='ltr'><strong>tm</strong></span> <span class='ocrx_word' id='word_1_176' title='bbox 833 2804 941 2853; x_wconf 79' lang='lat' dir='ltr'><strong>Vratr&#39;sl.</strong></span> <span class='ocrx_word' id='word_1_177' title='bbox 962 2801 1092 2866; x_wconf 79' lang='lat' dir='ltr'><strong>quiddam</strong></span> 
     </span>
     <span class='ocr_line' id='line_1_29' title="bbox 175 2864 1080 2935; baseline -0.008 -12"><span class='ocrx_word' id='word_1_178' title='bbox 175 2874 236 2923; x_wconf 68' lang='lat'><strong>311</strong></span> <span class='ocrx_word' id='word_1_179' title='bbox 256 2872 344 2934; x_wconf 85' lang='lat' dir='ltr'><strong>(sede</strong></span> <span class='ocrx_word' id='word_1_180' title='bbox 367 2874 394 2920; x_wconf 80' lang='lat' dir='ltr'><strong>in</strong></span> <span class='ocrx_word' id='word_1_181' title='bbox 412 2869 517 2931; x_wconf 72' lang='lat' dir='ltr'><strong>castora)</strong></span> <span class='ocrx_word' id='word_1_182' title='bbox 546 2869 558 2935; x_wconf 77' lang='grc' dir='ltr'>Η</span> <span class='ocrx_word' id='word_1_183' title='bbox 587 2871 637 2921; x_wconf 89' lang='grc'><strong>618</strong></span> <span class='ocrx_word' id='word_1_184' title='bbox 661 2871 716 2918; x_wconf 86' lang='lat' dir='ltr'><strong>iam</strong></span> <span class='ocrx_word' id='word_1_185' title='bbox 734 2870 793 2920; x_wconf 78' lang='lat' dir='ltr'><strong>BV</strong></span> <span class='ocrx_word' id='word_1_186' title='bbox 816 2873 912 2932; x_wconf 69' lang='lat' dir='ltr'><strong>tamur</strong></span> <span class='ocrx_word' id='word_1_187' title='bbox 941 2883 1008 2918; x_wconf 88' lang='lat' dir='ltr'><strong>nam</strong></span> <span class='ocrx_word' id='word_1_188' title='bbox 1028 2884 1046 2916; x_wconf 88' lang='grc' dir='ltr'><strong><em>α</em></strong></span> <span class='ocrx_word' id='word_1_189' title='bbox 1069 2864 1080 2932; x_wconf 88' lang='grc' dir='ltr'><strong>ΙΙ</strong></span> 
     </span>
     <span class='ocr_line' id='line_1_30' title="bbox 173 2933 1091 3003; baseline -0.004 -13"><span class='ocrx_word' id='word_1_190' title='bbox 173 2942 223 2990; x_wconf 88' lang='grc'><strong>619</strong></span> <span class='ocrx_word' id='word_1_191' title='bbox 247 2939 312 3003; x_wconf 89' lang='lat' dir='ltr'><strong>quid</strong></span> <span class='ocrx_word' id='word_1_192' title='bbox 330 2939 379 3002; x_wconf 81' lang='grc' dir='ltr'><strong>Αφ</strong></span> <span class='ocrx_word' id='word_1_193' title='bbox 408 2953 478 3003; x_wconf 86' lang='lat' dir='ltr'><strong>quae</strong></span> <span class='ocrx_word' id='word_1_194' title='bbox 496 2937 544 3002; x_wconf 76' lang='lat' dir='ltr'><strong>Em</strong></span> <span class='ocrx_word' id='word_1_195' title='bbox 574 2933 585 3002; x_wconf 75' lang='lat' dir='ltr'><strong>{l</strong></span> <span class='ocrx_word' id='word_1_196' title='bbox 615 2936 866 2990; x_wconf 83' lang='lat' dir='ltr'><strong>AMPHYTRION.</strong></span> <span class='ocrx_word' id='word_1_197' title='bbox 889 2935 1091 2988; x_wconf 78' lang='lat' dir='ltr'><strong>HEROVLES.</strong></span> 
     </span>
     <span class='ocr_line' id='line_1_31' title="bbox 173 3002 1088 3070; baseline -0.009 -12"><span class='ocrx_word' id='word_1_198' title='bbox 173 3007 333 3058; x_wconf 74' lang='lat' dir='ltr'><strong>Muuutta.</strong></span> <span class='ocrx_word' id='word_1_199' title='bbox 353 3005 528 3056; x_wconf 82' lang='lat' dir='ltr'><strong>THESEVS.</strong></span> <span class='ocrx_word' id='word_1_200' title='bbox 547 3004 605 3054; x_wconf 78' lang='lat' dir='ltr'><strong>BV</strong></span> <span class='ocrx_word' id='word_1_201' title='bbox 605 3003 612 3036; x_wconf 90' lang='lat'><strong>¹</strong></span> <span class='ocrx_word' id='word_1_202' title='bbox 631 3003 690 3070; x_wconf 84' lang='lat' dir='ltr'><strong>(aed</strong></span> <span class='ocrx_word' id='word_1_203' title='bbox 706 3007 746 3055; x_wconf 80' lang='lat' dir='ltr'><strong>bic</strong></span> <span class='ocrx_word' id='word_1_204' title='bbox 758 3002 936 3070; x_wconf 77' lang='lat' dir='ltr'><strong>Anphitrion)</strong></span> <span class='ocrx_word' id='word_1_205' title='bbox 956 3003 1088 3068; x_wconf 80' lang='lat' dir='ltr'><strong>Megarae</strong></span> 
     </span>
     <span class='ocr_line' id='line_1_32' title="bbox 172 3069 1041 3138; baseline -0.009 -13"><span class='ocrx_word' id='word_1_206' title='bbox 172 3091 260 3125; x_wconf 85' lang='lat' dir='ltr'><strong>nomen</strong></span> <span class='ocrx_word' id='word_1_207' title='bbox 284 3075 356 3124; x_wconf 82' lang='lat' dir='ltr'><strong>abeat</strong></span> <span class='ocrx_word' id='word_1_208' title='bbox 374 3074 398 3122; x_wconf 86' lang='grc' dir='ltr'><em>Α</em></span> <span class='ocrx_word' id='word_1_209' title='bbox 422 3071 529 3124; x_wconf 57' lang='lat' dir='ltr'><strong>delitum</strong></span> <span class='ocrx_word' id='word_1_210' title='bbox 551 3090 582 3123; x_wconf 83' lang='lat' dir='ltr'><strong>m.</strong></span> <span class='ocrx_word' id='word_1_211' title='bbox 605 3089 658 3123; x_wconf 84' lang='lat' dir='ltr'><strong>rec.</strong></span> <span class='ocrx_word' id='word_1_212' title='bbox 682 3074 708 3122; x_wconf 92' lang='lat' dir='ltr'><em>V</em></span> <span class='ocrx_word' id='word_1_213' title='bbox 742 3069 754 3138; x_wconf 76' lang='lat' dir='ltr'><strong>d</strong></span> <span class='ocrx_word' id='word_1_214' title='bbox 792 3075 842 3123; x_wconf 75' lang='grc'><strong>624</strong></span> <span class='ocrx_word' id='word_1_215' title='bbox 868 3072 997 3122; x_wconf 86' lang='lat' dir='ltr'><strong>silentum</strong></span> <span class='ocrx_word' id='word_1_216' title='bbox 1023 3086 1041 3118; x_wconf 88' lang='grc' dir='ltr'><strong><em>α</em></strong></span> 
     </span>
     <span class='ocr_line' id='line_1_33' title="bbox 172 3137 1046 3208; baseline -0.007 -16"><span class='ocrx_word' id='word_1_217' title='bbox 172 3144 222 3193; x_wconf 77' lang='lat' dir='ltr'><strong>oto</strong></span> <span class='ocrx_word' id='word_1_218' title='bbox 252 3146 331 3192; x_wconf 81' lang='lat' dir='ltr'><strong>certa</strong></span> <span class='ocrx_word' id='word_1_219' title='bbox 354 3145 382 3191; x_wconf 84' lang='lat' dir='ltr'><strong>et</strong></span> <span class='ocrx_word' id='word_1_220' title='bbox 404 3157 467 3192; x_wconf 86' lang='lat' dir='ltr'><strong>sera</strong></span> <span class='ocrx_word' id='word_1_221' title='bbox 490 3157 511 3191; x_wconf 85' lang='grc' dir='ltr'><strong><em>ω</em></strong></span> <span class='ocrx_word' id='word_1_222' title='bbox 545 3145 579 3190; x_wconf 83' lang='lat' dir='ltr'><strong>at</strong></span> <span class='ocrx_word' id='word_1_223' title='bbox 598 3141 722 3190; x_wconf 69' lang='lat' dir='ltr'><strong>(irmarus</strong></span> <span class='ocrx_word' id='word_1_224' title='bbox 757 3137 771 3208; x_wconf 82' lang='lat' dir='ltr'>ss</span> <span class='ocrx_word' id='word_1_225' title='bbox 804 3140 989 3190; x_wconf 74' lang='lat' dir='ltr'><strong>thebanorum</strong></span> <span class='ocrx_word' id='word_1_226' title='bbox 1011 3138 1046 3186; x_wconf 85' lang='lat' dir='ltr'><strong>V¹</strong></span> 
     </span>
     <span class='ocr_line' id='line_1_34' title="bbox 173 3208 1088 3273; baseline -0.004 -13"><span class='ocrx_word' id='word_1_227' title='bbox 173 3212 222 3260; x_wconf 78' lang='grc'><strong>627</strong></span> <span class='ocrx_word' id='word_1_228' title='bbox 241 3211 379 3260; x_wconf 86' lang='lat' dir='ltr'><strong>Verumue</strong></span> <span class='ocrx_word' id='word_1_229' title='bbox 400 3224 482 3260; x_wconf 86' lang='lat' dir='ltr'><strong>cerno</strong></span> <span class='ocrx_word' id='word_1_230' title='bbox 502 3223 600 3273; x_wconf 86' lang='lat' dir='ltr'><strong>corpus</strong></span> <span class='ocrx_word' id='word_1_231' title='bbox 619 3225 655 3258; x_wconf 84' lang='lat' dir='ltr'><strong>an</strong></span> <span class='ocrx_word' id='word_1_232' title='bbox 677 3208 761 3258; x_wconf 87' lang='lat' dir='ltr'><strong>fallor</strong></span> <span class='ocrx_word' id='word_1_233' title='bbox 782 3212 830 3258; x_wconf 82' lang='lat' dir='ltr'><strong>tua</strong></span> <span class='ocrx_word' id='word_1_234' title='bbox 851 3208 874 3258; x_wconf 86' lang='grc' dir='ltr'><em>Α</em></span> <span class='ocrx_word' id='word_1_235' title='bbox 907 3208 1044 3257; x_wconf 86' lang='lat' dir='ltr'><strong>Verumne</strong></span> <span class='ocrx_word' id='word_1_236' title='bbox 1064 3221 1088 3256; x_wconf 88' lang='lat' dir='ltr'><strong>c.</strong></span> 
     </span>
     <span class='ocr_line' id='line_1_35' title="bbox 174 3273 1091 3328; baseline -0.005 -2"><span class='ocrx_word' id='word_1_237' title='bbox 174 3293 197 3326; x_wconf 90' lang='lat' dir='ltr'><strong>c.</strong></span> <span class='ocrx_word' id='word_1_238' title='bbox 218 3294 254 3327; x_wconf 85' lang='lat' dir='ltr'><strong>an</strong></span> <span class='ocrx_word' id='word_1_239' title='bbox 283 3277 366 3328; x_wconf 83' lang='lat' dir='ltr'><strong>fallor</strong></span> <span class='ocrx_word' id='word_1_240' title='bbox 388 3277 424 3327; x_wconf 85' lang='lat' dir='ltr'><strong>ul’</strong></span> <span class='ocrx_word' id='word_1_241' title='bbox 443 3283 465 3325; x_wconf 62' lang='grc' dir='ltr'><strong>ι’</strong></span> <span class='ocrx_word' id='word_1_242' title='bbox 483 3275 560 3326; x_wconf 74' lang='lat' dir='ltr'><strong>uides</strong></span> <span class='ocrx_word' id='word_1_243' title='bbox 582 3277 607 3325; x_wconf 91' lang='lat' dir='ltr'><em>V</em></span> <span class='ocrx_word' id='word_1_244' title='bbox 628 3277 759 3326; x_wconf 86' lang='lat' dir='ltr'><strong>Teneone</strong></span> <span class='ocrx_word' id='word_1_245' title='bbox 779 3277 807 3324; x_wconf 88' lang='lat' dir='ltr'><strong>in</strong></span> <span class='ocrx_word' id='word_1_246' title='bbox 827 3291 908 3325; x_wconf 80' lang='lat' dir='ltr'><strong>ouras</strong></span> <span class='ocrx_word' id='word_1_247' title='bbox 933 3273 1036 3324; x_wconf 83' lang='lat' dir='ltr'><strong>editum</strong></span> <span class='ocrx_word' id='word_1_248' title='bbox 1056 3289 1091 3322; x_wconf 82' lang='lat' dir='ltr'><strong>an</strong></span> 
     </span>
     <span class='ocr_line' id='line_1_36' title="bbox 171 3343 1100 3408; baseline -0.004 -12"><span class='ocrx_word' id='word_1_249' title='bbox 171 3361 246 3396; x_wconf 84' lang='lat' dir='ltr'><strong>uana</strong></span> <span class='ocrx_word' id='word_1_250' title='bbox 269 3347 347 3396; x_wconf 86' lang='lat' dir='ltr'><strong>fruor</strong></span> <span class='ocrx_word' id='word_1_251' title='bbox 364 3343 593 3394; x_wconf 68' lang='lat' dir='ltr'><strong>decurtatam</strong></span> <span class='ocrx_word' id='word_1_252' title='bbox 611 3345 637 3392; x_wconf 92' lang='lat' dir='ltr'><em>P</em></span> <span class='ocrx_word' id='word_1_253' title='bbox 652 3360 700 3408; x_wconf 72' lang='lat' dir='ltr'><strong>my.</strong></span> <span class='ocrx_word' id='word_1_254' title='bbox 723 3351 830 3408; x_wconf 84' lang='lat' dir='ltr'><strong>uterque</strong></span> <span class='ocrx_word' id='word_1_255' title='bbox 848 3356 938 3392; x_wconf 77' lang='lat' dir='ltr'><strong>uersus</strong></span> <span class='ocrx_word' id='word_1_256' title='bbox 956 3343 1048 3405; x_wconf 63' lang='lat' dir='ltr'><strong>legitur</strong></span> <span class='ocrx_word' id='word_1_257' title='bbox 1065 3344 1100 3392; x_wconf 83' lang='lat' dir='ltr'><strong>in&#39;</strong></span> 
     </span>
     <span class='ocr_line' id='line_1_37' title="bbox 171 3409 1089 3477; baseline -0.003 -15"><span class='ocrx_word' id='word_1_258' title='bbox 171 3415 295 3464; x_wconf 81' lang='lat' dir='ltr'><strong>Parisino</strong></span> <span class='ocrx_word' id='word_1_259' title='bbox 313 3415 383 3463; x_wconf 76' lang='lat'><strong><em>8036</em></strong></span> <span class='ocrx_word' id='word_1_260' title='bbox 405 3412 451 3477; x_wconf 82' lang='lat' dir='ltr'><strong>(aa</strong></span> <span class='ocrx_word' id='word_1_261' title='bbox 468 3409 566 3476; x_wconf 77' lang='lat'><strong><em>8026?)</em></strong></span> <span class='ocrx_word' id='word_1_262' title='bbox 589 3413 615 3460; x_wconf 81' lang='lat' dir='ltr'><strong>io</strong></span> <span class='ocrx_word' id='word_1_263' title='bbox 638 3427 687 3461; x_wconf 81' lang='lat' dir='ltr'><strong>uno</strong></span> <span class='ocrx_word' id='word_1_264' title='bbox 705 3411 842 3461; x_wconf 80' lang='lat' dir='ltr'><strong>Mineruae</strong></span> <span class='ocrx_word' id='word_1_265' title='bbox 866 3417 891 3460; x_wconf 84' lang='lat' dir='ltr'><strong>et</strong></span> <span class='ocrx_word' id='word_1_266' title='bbox 913 3424 962 3460; x_wconf 82' lang='lat' dir='ltr'><strong>uuo</strong></span> <span class='ocrx_word' id='word_1_267' title='bbox 981 3409 1089 3474; x_wconf 58' lang='lat' dir='ltr'><strong>rtapott-</strong></span> 
     </span>
     <span class='ocr_line' id='line_1_38' title="bbox 171 3476 496 3547; baseline 0 -18"><span class='ocrx_word' id='word_1_268' title='bbox 171 3487 232 3531; x_wconf 79' lang='lat' dir='ltr'><strong>iano</strong></span> <span class='ocrx_word' id='word_1_269' title='bbox 256 3479 267 3547; x_wconf 73' lang='lat' dir='ltr'><strong>{l</strong></span> <span class='ocrx_word' id='word_1_270' title='bbox 292 3477 416 3531; x_wconf 72' lang='lat' dir='ltr'><strong>catalla</strong></span> <span class='ocrx_word' id='word_1_271' title='bbox 439 3481 465 3529; x_wconf 94' lang='lat' dir='ltr'><em>V</em></span> <span class='ocrx_word' id='word_1_272' title='bbox 485 3476 496 3546; x_wconf 74' lang='grc' dir='ltr'>Η</span> 
     </span>
    </p>
   </div>
   <div class='ocr_carea' id='block_1_7' title="bbox 0 0 1262 3998">
    <p class='ocr_par' dir='ltr' id='par_1_7' title="bbox 0 0 1262 3998">
     <span class='ocr_line' id='line_1_39' title="bbox 0 0 1262 3998; baseline 0 3"><span class='ocrx_word' id='word_1_273' title='bbox 0 0 1262 3998; x_wconf 95' lang='lat' dir='ltr'><strong> </strong></span> 
     </span>
    </p>
   </div>
  </div>
 </body>
</html>
