2550 3978
187 197 250 262 308
469 209 500 259 L.
518 207 653 255 aunam
669 205 825 254 sunnone

127 394 129 397 -
153 361 166 410 f
231 353 325 422 Quem
342 353 412 412 mihi
429 349 501 411 caeli
517 349 567 428 qui
584 347 660 407 furta
676 346 729 407 luit

188 442 305 501 uiscere
320 438 396 506 feto,
721 459 722 462 ¹

189 523 293 585 dedit
309 530 339 584 et
355 522 457 582 docuit
473 548 613 565 ·····
633 551 669 560 -

190 607 321 669 condere
336 609 417 667 uires
433 613 495 665 arte
511 601 770 664 Prometheus.

156 691 177 749 f
232 693 342 753 Dedit
358 699 388 752 et
402 686 611 751 tenui'sulfure
626 693 720 747 tectos

189 775 490 854 Mulciberignes,

191 872 219 923 et
234 862 348 923 uiuacis
363 859 480 938 fulgura
495 857 631 916 flammae

190 948 226 1007 de
243 952 368 1024 cognato
384 941 570 1005 Phaethonte
584 940 652 1011 tuli,

156 1031 189 1092 (ζ’
232 1029 506 1092 Habeoflammas

190 1121 256 1176 usto
272 1116 349 1175 tauri
364 1120 486 1190 gutture
500 1117 616 1189 raptas,

190 1198 308 1260 habeo
323 1197 438 1260 mediae
454 1195 530 1256 dona
547 1194 720 1256 Chimaerae

191 1301 266 1362 quae
280 1284 428 1362 permixto
443 1279 512 1340 felle
526 1279 665 1341 Medusae

191 1368 312 1429 tacitum
328 1367 399 1428 iussi
414 1382 536 1426 seruare
551 1362 671 1424 malum,

158 1453 184 1511 b'
236 1452 318 1513 nude
334 1451 458 1512 uenenis

192 1537 326 1600 stimulos
342 1536 482 1596 Hecate
498 1533 642 1611 donisque
657 1533 731 1592 meis

193 1621 306 1681 semina
321 1620 458 1680 flammae
474 1619 592 1679 condita
607 1635 694 1678 serua

193 1705 296 1766 fallant
311 1706 393 1766 uisus
407 1709 563 1781 tactusque
579 1701 676 1762 ierant

168 1831 182 1852 ,
193 1800 272 1850 meet
285 1791 317 1850 in
333 1788 437 1867 peetus
451 1805 603 1866 uenasque
619 1786 712 1853 calor,

160 1873 185 1933 α’
238 1873 354 1934 Stillent
369 1881 451 1934 artus
467 1890 591 1950 ossaque
607 1871 720 1932 sument

193 1959 351 2038 uinoatque
367 1973 435 2018 suas

194 2042 338 2118 flagrante
355 2059 439 2102 coma
455 2058 532 2100 noua
550 2047 639 2119 nupta
654 2041 743 2100 faces.

194 2134 264 2186 uota
280 2133 436 2187 tenentur:
459 2132 505 2184 ter
520 2123 643 2184 latratus

195 2209 289 2271 audax
305 2210 445 2270 Hecate
461 2208 542 2269 dedit
557 2215 586 2268 et
600 2225 702 2269 saeros

195 2293 285 2355 edidit
300 2295 384 2373 ignes
400 2295 464 2354 iane
479 2293 624 2354 luctifera.

158 2514 162 2527 .
237 2464 360 2526 Peracta
377 2464 423 2522 uis
439 2471 483 2524 est
497 2464 608 2522 omnis:
631 2461 691 2522 huo
706 2468 809 2540 gnatos
826 2479 916 2530 uoea,

195 2549 326 2626 pretiosa
341 2565 396 2626 per
413 2565 487 2626 quos
503 2547 579 2606 dona
595 2545 718 2607 nubenti
734 2546 821 2608 ieras.

195 2634 237 2692 ite
252 2631 291 2691 ite
307 2633 367 2692 nati
382 2633 483 2694 matris
499 2630 644 2691 infaustae
660 2646 754 2707 genus

196 2715 311 2794 placate
326 2715 415 2776 uohis
430 2733 555 2776 munere
570 2722 599 2776 et
613 2714 705 2775 multa
720 2733 810 2793 prece

197 2801 347 2861 dominam
362 2818 397 2860 ao
412 2817 582 2861 nouercam.
613 2799 711 2860 uadite
727 2806 756 2859 et
772 2798 884 2860 celeres
900 2798 1036 2862 domum:
1134 2808 1190 2860 855

196 2883 306 2946 referte
321 2901 457 2961 gressus:
482 2884 587 2945 ultimo
603 2882 741 2962 amplexu
756 2892 787 2944 ut
802 2883 893 2944 fruar.

196 3087 395 3097 ...ω-...Μ

264 3193 314 3272 889
333 3197 420 3272 artem
439 3222 465 3272 Α
484 3225 544 3271 arte
564 3221 589 3270 Ε
616 3216 628 3284 Η
657 3221 708 3272 830
726 3225 756 3270 at
774 3221 864 3271 tenuit
881 3221 907 3271 Α
926 3225 954 3272 et
971 3221 1049 3272 tenui
1067 3233 1081 3272 ε
1102 3221 1116 3283 ΙΙ

195 3291 247 3341 835
263 3289 355 3340 habeo
373 3288 485 3340 mediae
503 3288 576 3340 dona
595 3286 760 3338 Chimaerae
779 3285 930 3352 (clymenus
943 3289 979 3350 E)
1000 3287 1004 3353 Ι
1024 3288 1117 3340 habeo

196 3359 330 3408 flammas.
343 3360 406 3408 usto
419 3355 507 3407 Tauri
521 3354 525 3419 Ι
540 3361 650 3421 gutture
668 3361 764 3421 rapta·
779 3380 786 3394 ·
800 3370 870 3420 quas
887 3355 1023 3422 permixto
1043 3355 1119 3422 (per-

196 3425 278 3474 misto
301 3425 343 3488 A)
361 3442 382 3475 ω
412 3427 527 3476 ordinem
550 3425 675 3481 restituit,
698 3439 774 3488 quae
794 3422 876 3487 (838)
894 3426 948 3474 aori
965 3427 999 3474 ait
1017 3423 1082 3474 R.P.
1102 3424 1116 3487 ΙΙ

195 3490 247 3538 845
265 3492 353 3542 stillet
370 3492 395 3540 Ε
406 3488 419 3558 ΙΙ
430 3493 480 3545 850
497 3491 616 3544 lucifera
634 3491 660 3540 E
671 3487 683 3558 ΙΙ
694 3493 744 3542 855
763 3495 791 3543 et
808 3491 833 3541 A
854 3506 887 3542 ao
905 3491 930 3540 E
947 3441 965 3558 ἦ
