2526 3986
182 205 222 269 76
458 222 490 268 u.
507 222 641 268 tunam
657 221 813 270 eunucus

179 366 319 437 tutusque
335 346 436 421 mensa
453 361 568 439 capitur
584 370 707 439 angusta
723 359 816 422 cibus.
881 371 885 388 ⁴

178 461 329 506 uenenum
344 446 373 505 in
390 463 463 505 auro
479 444 599 506 bibitur.
629 452 769 523 expertus
783 443 905 524 loquor:

178 526 285 589 malam
300 528 396 589 bonae
411 531 565 608 praeferre
580 530 730 590 fortunam
746 529 823 590 licet.

144 615 168 674 e'
222 613 247 673 Ν
255 631 300 674 on
315 617 427 675 uertice
442 614 493 675 alti
507 615 615 675 montis
630 616 786 693 inpositam
802 615 922 675 domum

179 703 209 758 et
224 699 402 760 eminentem
417 699 520 760 ciuitas
534 699 656 760 humilis
671 700 780 767 tremit,

178 799 244 842 nec
259 781 352 860 fulget
367 781 432 844 altis
447 782 633 861 splendidum
648 785 735 844 tectis
751 783 835 851 ebur,

178 883 356 947 somnosque
371 885 443 928 non
460 868 591 929 defendit
607 867 763 929 excubitor
779 885 872 928 meos.

178 967 248 1010 non
265 951 408 1013 classibus
423 953 572 1031 piscamur
589 959 617 1012 et
632 961 713 1012 retro
729 970 812 1012 mare

178 1035 254 1095 iacta
269 1036 406 1113 fugamus
422 1036 500 1098 mole
516 1055 581 1098 uec
596 1045 732 1098 uentrem
747 1035 918 1115 improbum

179 1117 283 1180 alimus
298 1119 410 1181 tributo
426 1123 573 1200 gentium:
591 1121 717 1182 nullus
732 1121 805 1182 mibi

177 1201 255 1263 ultra
271 1205 359 1266 Getas
374 1212 501 1267 metatur
518 1213 546 1266 et
560 1205 686 1266 Parthos
702 1222 782 1282 ager.

140 1287 172 1346 0⁰
222 1288 299 1348 Non
314 1297 381 1350 ture
397 1289 522 1351 colimur
537 1307 606 1350 nec
621 1309 705 1351 meae
721 1289 840 1350 excluso
856 1289 926 1350 leue

179 1382 323 1433 ornantur
338 1393 423 1444 arae,
440 1373 541 1434 nulla
559 1374 736 1435 culminibus
751 1375 825 1434 meis

177 1457 305 1533 inposita
322 1465 406 1518 nutat
418 1457 511 1529 silua,
528 1477 595 1520 nec
611 1460 727 1520 sumant
740 1475 830 1518 manu

178 1557 320 1602 succensa
336 1542 427 1604 multa
443 1551 561 1621 stagna,
578 1561 644 1604 nec
666 1561 771 1604 somno
788 1543 850 1604 dies
872 1595 874 1598 .

178 1624 350 1705 bacchoque
366 1628 588 1706 nox-iungenda
604 1626 742 1706 peruigili
758 1627 858 1687 datur:

177 1710 229 1770 sed
245 1729 305 1770 non
321 1713 469 1782 timemur,
483 1720 547 1792 tuta
563 1714 626 1773 sine
642 1712 699 1774 telo
716 1719 760 1772 est
775 1713 880 1773 donnus

176 1793 327 1873 rebusque
342 1799 443 1874 paruis
461 1797 517 1857 alta
532 1805 699 1875 praestatur
715 1798 809 1874 quies,

176 1879 295 1940 inmane
311 1898 437 1958 reguum
456 1889 500 1942 est
514 1900 602 1961 posse
618 1883 680 1943 sine
697 1897 790 1958 regno
806 1882 877 1959 pati.
944 1951 948 1958 ,
1113 1890 1166 1940 470

143 1963 168 2020 o'
223 1977 327 2024 rtur.
351 1965 412 2026 Nec
427 1966 616 2027 abnuendum
633 1974 689 2033 est.
707 1967 732 2025 si
747 1966 797 2026 dat
811 1965 969 2044 imperium
985 1965 1070 2027 deuo.

177 2061 259 2107 ΤΗΥ.
289 2066 344 2109 nec
360 2049 557 2129 adpetendum
575 2059 628 2112 est.

176 2145 279 2191 rtur.
660 2137 778 2195 trater
795 2143 827 2195 ut
843 2152 950 2212 regnes
964 2144 1060 2212 rogat.

175 2229 257 2276 THY.
280 2217 383 2295 rogat?
399 2219 561 2280 timendum
579 2227 632 2280 est.
657 2227 738 2281 errat
750 2220 799 2281 hic
816 2220 921 2298 aliquis
936 2219 1031 2280 dolus

175 2313 277 2360 rtur.
302 2302 401 2362 redire
417 2305 511 2383 pietas
527 2304 606 2365 unde
622 2312 768 2365 summota
785 2311 829 2365 est
843 2304 927 2372 solet,

174 2393 353 2466 reparatque
369 2389 450 2448 uires
465 2389 557 2448 iustus
573 2390 696 2449 amissas
712 2407 804 2449 amor.
1111 2397 1164 2448 475

136 2468 161 2528 a'
216 2484 296 2530 ΤΗΥ.
325 2472 411 2533 Amat
427 2472 573 2550 Thyesten
590 2475 699 2534 frater?
716 2475 870 2534 aethereas
884 2473 967 2550 prius

174 2553 333 2632 perlumlet
346 2557 452 2617 Arctos
468 2565 577 2634 pontus
593 2567 622 2618 et
636 2559 720 2618 siculi
735 2576 827 2637 rapax

175 2641 318 2700 consistet
334 2649 433 2702 aestus
449 2642 528 2702 unda
545 2651 574 2702 et
588 2644 668 2702 ionio
684 2660 768 2720 seges

173 2730 287 2784 matura
305 2724 410 2802 pelago
427 2735 530 2803 surget
545 2734 574 2786 et
589 2726 685 2788 lucem
701 2727 782 2788 dabit

173 2824 232 2866 nox
248 2815 311 2868 atra
327 2811 430 2880 terris,
446 2817 514 2870 ante
530 2830 596 2872 cum
613 2810 739 2872 flammis
756 2831 848 2892 aquae

173 2909 241 2951 cum
257 2900 353 2954 morte
369 2897 429 2955 uita
446 2913 513 2956 cum
530 2898 605 2956 mari
620 2905 727 2957 uentus
745 2898 833 2958 iidem

171 3062 377 3071 -—-——

238 3165 288 3212 452
311 3169 438 3230 totusque
457 3165 483 3214 Ε
505 3167 634 3230 tutusque
654 3167 679 3216 A
707 3163 718 3234 ΙΙ
748 3174 866 3233 anguste
885 3169 962 3220 cibus
980 3169 1006 3218 E
1031 3169 1091 3234 (litt.

170 3229 390 3296 staeisa2m.)
412 3230 423 3299 ΙΙ
446 3235 497 3282 460
513 3234 606 3283 nonA
624 3235 738 3285 necER
760 3232 773 3302 ΙΙ
795 3238 845 3286 462
863 3239 1013 3288 metiturA
1032 3255 1093 3288 me-

170 3300 246 3346 tetur
264 3299 318 3349 εΙΙΕ
335 3317 376 3350 un.
390 3317 425 3351 ea·
437 3301 539 3350 PallR
562 3297 574 3366 ΙΙ
602 3304 652 3352 467
671 3302 834 3355 ducendaA
858 3304 998 3371 iungenda
1017 3307 1043 3356 E
1067 3302 1095 3372 ΙΙ

169 3363 220 3412 468
238 3365 365 3416 timemus
384 3385 403 3417 α
430 3369 558 3417 timemur
576 3369 626 3418 ER
651 3365 672 3436 ΙΙ
706 3373 755 3421 tut
776 3377 819 3422 est
837 3386 851 3422 ε
869 3373 955 3423 om.A
990 3369 1001 3439 ΙΙ
1038 3376 1092 3424 472

170 3428 291 3480 ΤΗΥ.Α
309 3435 397 3485 om.E
424 3432 437 3500 ΙΙ
465 3435 546 3485 estE
563 3437 648 3487 om.A
676 3435 688 3502 ΙΙ
716 3439 784 3503 Phy,
805 3439 931 3490 fruterA
950 3441 1018 3504 Phy.
1041 3458 1091 3494 om.

169 3494 195 3542 E
223 3492 236 3561 ΙΙ
264 3499 383 3550 ΤΑΝΤ.
401 3502 600 3568 subterscripsi
622 3499 634 3570 ΙΙ
