2490 3984
510 1136 702 1188 HERCVLES.

192 1292 277 1352 Sator
296 1293 421 1353 deorum
437 1295 521 1354 cuius
537 1312 693 1354 excussum
709 1311 797 1354 manu

149 1385 293 1455 utraeque
309 1377 420 1437 Phoebi
435 1381 564 1437 sentiunt
580 1377 692 1439 fulmen
708 1377 828 1448 domus,
862 1388 865 1392 '

150 1478 254 1521 secure
268 1477 370 1538 regno.
401 1460 512 1538 protuli
526 1479 630 1539 pacem
647 1461 708 1521 tibi.

151 1562 337 1623 quacumque
353 1545 466 1606 Nereus
482 1547 594 1622 porrigi
611 1554 708 1606 terras
724 1552 806 1606 uetat

152 1647 212 1689 non
230 1637 274 1689 est
289 1629 460 1690 tonandum.
492 1630 598 1706 perfidi
613 1647 700 1706 reges
715 1631 811 1690 iacent

151 1715 231 1775 saeui
249 1714 374 1792 tyranni.
406 1712 548 1790 fregimus
564 1713 702 1791 quicquid
719 1714 775 1774 init

150 1798 203 1857 tibi
220 1798 446 1858 fulminandum.
478 1798 529 1859 sed
546 1799 617 1859 mihi
633 1797 746 1858 caeium
763 1816 871 1877 parens

151 1882 248 1943 adhuc
264 1884 408 1961 negaturi
430 1884 515 1961 parui
532 1892 613 1944 certe
627 1882 698 1943 Ioue

151 1966 262 2045 ubique
277 1966 382 2045 dignus
398 1975 484 2046 teque
499 1974 604 2028 testate
620 1974 664 2028 est
678 1986 777 2028 meum

150 2059 422 2130 patremnouence.
455 2052 523 2131 quid
541 2054 879 2113 tamenneotismorasi
1084 2065 1116 2114 10

151 2136 294 2216 numquid
310 2137 467 2198 timemur?
491 2137 634 2215 numquid
650 2138 808 2214 inpositurn
824 2136 880 2197 sihi

112 2238 209 2284 non
225 2223 337 2298 poterit
354 2221 433 2284 Atlas
449 2223 528 2283 ferre
544 2240 612 2284 curn
629 2221 710 2282 caelo
726 2220 903 2282 Herculem?

121 2326 133 2364 2
153 2306 221 2384 qnid
239 2313 316 2367 astra
331 2308 447 2383 genitor
463 2307 531 2383 quid
548 2308 656 2384 negas?
679 2325 759 2366 mors
776 2324 823 2366 me
839 2306 892 2365 tibi

153 2396 233 2450 certe
248 2393 376 2459 remisit,
393 2409 481 2451 omne
498 2393 643 2477 concessit
659 2391 769 2452 maium

152 2473 230 2551 qnod
245 2481 325 2534 terra
341 2477 442 2552 genuit
457 2485 565 2553 pontus
581 2494 631 2536 aer
647 2476 744 2536 inferi.

151 2557 249 2618 nuilus
266 2577 319 2636 pon
334 2559 423 2619 nrbes
439 2567 519 2620 errat
534 2562 680 2636 erqolicas
696 2559 756 2629 leo,

152 2642 330 2722 Stymphalis
345 2646 402 2703 icta
419 2651 477 2712 est,
493 2643 616 2704 Maenali
632 2644 712 2705 nuile
728 2652 771 2704 est
787 2645 864 2714 sere,

150 2797 355 2804 ..ι-*μᾷ

220 2877 413 2929 HERCVLES
427 2879 452 2928 E
466 2881 490 2929 V
503 2881 578 2933 Voss.
597 2880 672 2930 Mors
681 2880 811 2930 Herculis
825 2881 861 2944 (12)
875 2882 931 2931 cod.
946 2883 1066 2946 lucduno-

152 2948 258 2998 botouus
276 2964 300 2994 n.
320 2951 374 2997 373
403 2946 597 2998 HERCVLES
618 2947 784 3000 OETAEVS
804 2949 828 2997 A

219 3153 320 3219 Iucu»
338 3165 532 3217 HERCVLES
550 3167 576 3216 E
598 3169 702 3233 Incipit
721 3183 791 3232 quse
811 3169 912 3219 dicitur
929 3168 1067 3218 Hercules

150 3235 188 3301 (et
206 3239 253 3287 hoc
271 3233 387 3299 rubrica)
409 3236 484 3285 Voss.
506 3233 518 3300 ΙΙ
539 3238 551 3284 1
572 3235 712 3285 excelsum
729 3243 752 3300 ψ
773 3232 785 3301 ΙΙ
808 3239 838 3286 14
857 3236 996 3286 concessit
1014 3237 1068 3286 ⁶]OE

149 3305 226 3357 IPol.
239 3307 302 3355 1313
325 3308 472 3354 concesset
489 3303 565 3355 IPot.
594 3319 655 3353 cum
674 3304 758 3353 cessit
775 3304 801 3351 E
812 3321 829 3368 9
853 3319 914 3353 cum
933 3307 1024 3354 cesset
1042 3296 1067 3352 A

150 3387 214 3422 cum
232 3378 305 3423 esset
322 3381 345 3435 ψ
365 3378 459 3422 cessat
478 3371 535 3428 (om.
550 3386 611 3420 cum
623 3373 664 3420 uel
676 3370 738 3435 con)
757 3367 852 3436 R1115
871 3371 1067 3436 Quodcumque

150 3444 226 3489 terra
244 3436 291 3507 ψΙΙ
304 3442 335 3489 16
354 3440 483 3490 arcadias
501 3438 551 3487 EA
571 3438 739 3503 argolicas
758 3439 855 3490 IGron.
881 3436 893 3506 Η
