2516 3998
607 163 618 188 s

163 237 216 285 xu
538 219 737 281 rnnxdnrro

167 399 241 472 gium
259 403 332 452 extat
347 402 374 451 et
390 395 535 469 quominus
552 395 676 450 ultimum
692 393 783 449 locum
800 409 856 449 eam
873 409 923 467 per
942 393 1115 466 aliquantum

166 489 275 554 tempus
292 479 443 536 obtinuisse
455 489 583 553 putemus
595 477 743 552 prohibent
754 477 848 534 damna
864 479 1036 552 grauissima,
1053 481 1115 553 qui·

166 566 218 622 bus
233 565 362 622 Hercules
378 581 404 620 11
418 581 484 638 prae
500 565 599 619 ceteris
616 563 714 619 iabulis
729 562 824 618 allecta
840 571 891 619 est.

229 650 282 705 larn
294 666 362 706 uero
378 649 416 704 de
428 648 596 704 Octauiae
613 644 751 720 origine
767 648 955 721 quaestionem
967 649 1114 704 instituen-

167 734 239 791 tibus
255 737 372 808 primum
389 731 535 789 reiellenda
550 741 593 789 est
606 749 685 806 quam
701 749 789 807 nuper
803 732 921 806 protulit
936 732 1112 789 Wllraunius

166 819 227 892 (die
249 818 391 893 tragoedie
407 816 515 874 Octavia
536 817 590 874 und
611 817 655 872 die
677 817 731 873 zeit
751 818 826 873 ilrrer
846 817 1022 891 entstehung.
1052 817 1112 872 Kiel

167 903 260 975 1863)
282 904 385 977 opinio.
431 901 482 970 Qui
504 919 565 958 cum
586 901 704 975 probare
725 902 849 958 studeret
870 902 1009 958 Octauiam
1031 901 1112 957 medii

166 988 240 1061 quod
254 995 370 1043 uocatur
384 988 444 1043 aeui
457 986 542 1043 ictum
558 1003 626 1051 esse,
643 988 805 1061 grauissima
818 986 918 1061 quibus
932 988 991 1042 eius
1003 995 1113 1060 tragoe-

166 1073 226 1128 diae
242 1079 331 1128 textus
349 1071 465 1128 iniectus
481 1080 523 1127 est
538 1072 629 1128 ulcera
646 1073 783 1146 quomodo
800 1073 872 1128 intra
888 1073 970 1128 unius
985 1071 1028 1128 uel
1044 1071 1113 1127 duo·

166 1174 226 1213 rum
239 1155 410 1213 saeculorum
424 1159 543 1230 spatium
559 1159 625 1213 oriri
638 1159 778 1230 potuerint
794 1157 982 1213 demonstrare
996 1171 1112 1230 prorsus

166 1243 321 1316 supersedit
336 1240 382 1313 (ci.
395 1242 465 1298 inira
479 1260 504 1317 p.
512 1259 568 1298 xx1
584 1251 611 1298 et
622 1241 787 1298 lileclreiseni
801 1259 861 1298 ann.
873 1241 940 1315 phil.
955 1241 1036 1297 1867
1049 1242 1112 1296 ‘zur

165 1327 243 1400 irage
257 1326 343 1382 ueber
357 1326 408 1382 den
424 1344 564 1401 ursprung
579 1327 627 1382 der
643 1326 782 1400 tragoedia
798 1324 940 1397 Octavia').
963 1325 1048 1381 Porro
1064 1342 1112 1380 ne·

166 1427 219 1484 que
234 1419 296 1467 ante
309 1410 440 1467 libertini
452 1412 573 1473 Musseti,
591 1414 637 1485 qui
653 1428 676 1466 a.
688 1426 887 1469 mcccxxvun
901 1410 946 1466 uel
960 1427 1024 1465 xxx
1038 1427 1111 1466 mor·

167 1504 220 1551 tem
244 1495 328 1558 obiit,
350 1504 465 1552 aetatem
481 1498 625 1571 quisquam
649 1503 709 1552 erat
723 1498 770 1570 qui
792 1495 941 1551 scribendis
962 1494 1112 1566 tragoediis

167 1595 277 1652 operam
294 1579 497 1653 inpenderet*),
514 1580 684 1636 etllussatus
695 1583 755 1655 ipse
768 1596 847 1653 quem
859 1595 919 1635 cum
928 1577 1037 1634 Nicolao
1046 1579 1112 1634 Tre·

165 1664 248 1719 uetho
271 1663 304 1736 (†
319 1683 343 1721 a.
359 1665 554 1736 mcccxxvrul
576 1666 665 1721 studia
687 1665 784 1738 tragici
799 1665 978 1720 resuscitasse
993 1670 1112 1726 constat,

165 1749 306 1804 Octauiam
319 1750 370 1805 bau
384 1749 465 1806 dubie
477 1751 564 1806 nouit.
591 1750 631 1805 Ad
642 1751 735 1823 priora
751 1749 837 1820 igitur
852 1747 958 1805 saecula
973 1748 1068 1804 reiecti
1085 1755 1112 1804 et

166 1837 299 1907 temporis
317 1834 414 1889 indicia
430 1834 683 1906 circumspicientes
698 1833 865 1890 Boetiana
887 1833 1010 1887 uidemus
1026 1840 1112 1888 metra

166 1919 193 1972 in
208 1917 302 1973 multis
320 1917 418 1972 similia
433 1934 495 1973 esse
510 1920 663 1990 anapaestis
678 1919 814 1976 Octauiae.
850 1915 998 1973 Subtiliore
1021 1925 1110 1972 autern

167 2001 363 2073 conparatione
380 2003 519 2064 instituta,
535 2003 616 2057 buius
633 2001 738 2058 labulae
754 2009 928 2076 anapaestos,
950 2017 1111 2074 quamquam

166 2101 226 2141 curn
238 2085 324 2140 multo
338 2085 440 2141 maiore
456 2086 565 2143 licentia
580 2088 718 2160 conpositi
729 2096 794 2143 suot
806 2104 887 2160 quam
902 2086 1040 2159 anapaesti
1056 2102 1112 2140 non

165 2170 253 2225 solum
270 2168 387 2226 Senecae
404 2171 605 2242 tragoediarum
622 2172 668 2227 sed
684 2174 763 2227 etiam
776 2172 988 2245 Agamemnonis
1004 2178 1032 2225 et
1047 2171 1113 2225 ller-

165 2252 236 2310 culis
252 2253 365 2310 alterius
381 2253 426 2325 (ci.
443 2255 475 2310 de
488 2255 549 2311 Sen.
568 2263 637 2330 trag.
654 2264 724 2312 auct.
742 2274 771 2329 p.
784 2255 823 2328 ὅ).
839 2263 929 2312 tamen
946 2256 1112 2311 seueriorem

165 2354 286 2393 normam
304 2346 434 2394 secuntur
444 2340 589 2396 Boetianis.
611 2341 677 2396 Nam
693 2349 724 2396 ut
735 2340 847 2396 Boetius
860 2341 1037 2396 dimetrorum
1050 2356 1113 2394 ana·

164 2422 348 2495 paesticorum
361 2431 465 2516 partem
480 2426 661 2497 posteriorem
676 2425 775 2480 adonio
790 2423 859 2481 ellici
877 2425 977 2480 iussit
970 2441 996 2480 rn
1009 2423 1113 2480 duabus

165 2508 285 2563 omnium
301 2523 432 2563 uersuum
420 2485 573 2582 *partibus
589 2501 640 2586 (²l3
641 2507 666 2581 ),
682 2507 810 2565 Octauiae
825 2517 935 2570 auctor,
954 2525 987 2564 ne
1003 2509 1113 2564 modum

165 2608 192 2647 rn
200 2591 318 2646 Senecae
334 2592 484 2664 tragoediis
500 2602 639 2649 seruatum
656 2596 792 2656 transiret,
808 2594 929 2649 adonio'
922 2610 950 2647 sn
964 2595 1043 2650 tertia
1058 2601 1114 2648 tan·

165 2684 222 2730 tum
239 2683 449 2746 anapaestorum
463 2683 540 2748 parte
553 2676 562 2746 (
564 2669 615 2752 ¹s3)
631 2677 721 2732 locum
734 2678 879 2732 concessit.
908 2677 968 2730 Pari
981 2677 1115 2732 modestia

165 2758 314 2815 Ausonium
338 2758 423 2814 inisse
446 2757 528 2831 (proi.
545 2759 588 2830 v1)
608 2777 663 2814 non
685 2758 781 2814 inutile
803 2766 845 2814 est
859 2759 912 2814 boc
927 2758 988 2813 loco
1005 2775 1116 2816 conme-

164 2859 281 2900 morare.
319 2841 392 2910 Quae
414 2860 474 2899 cum
497 2844 532 2898 ita
556 2845 623 2905 sint,
651 2842 743 2916 aliquo
766 2850 845 2898 ante
865 2843 1023 2898 boetium
1045 2851 1115 2900 tem·

165 2945 233 3003 pore
244 2927 383 2985 Octauiam
398 2931 570 3001 conpositum
587 2945 646 2985 esse
659 2926 801 3002 probabile
816 2923 990 2998 uirletur**).
1019 2927 1114 3002 Neque

233 3057 257 3122 *)
273 3061 309 3110 cf.
321 3060 465 3110 Mebusius
478 3061 545 3110 Vita
558 3059 651 3110 Ambr.
664 3060 829 3110 Treversari
841 3075 868 3124 p.
882 3057 1017 3112 CLXXII.
1040 3059 1114 3110 Eae-

164 3125 275 3178 ldstand
297 3127 332 3177 du
348 3125 430 3177 Marii
449 3127 578 3192 Origines
604 3127 640 3177 du
661 3125 771 3177 theatro
793 3127 921 3184 moderne
944 3143 970 3192 p.
990 3129 1020 3175 11
1043 3143 1070 3176 n.
1088 3133 1112 3178 3.

165 3194 195 3245 O.
211 3196 243 3245 G.
256 3195 375 3245 Mueller
395 3193 468 3245 Geta
483 3195 625 3245 comoedia
643 3213 669 3261 p.
684 3197 708 3245 9.
732 3196 779 3244 Fr.
793 3194 895 3244 Hessii
906 3193 1022 3244 Miscell.
1035 3195 1114 3259 phili.

164 3262 208 3312 111
219 3279 247 3327 p.
260 3265 300 3312 29.
360 3261 404 3324 **)
416 3263 477 3312 Non
491 3263 590 3314 desunt
603 3264 677 3329 apud
689 3263 814 3314 Boetium
827 3262 882 3312 loci
893 3263 940 3312 ubi
955 3275 1016 3311 cum
1029 3262 1113 3312 Octa-

164 3330 229 3377 uiae
244 3328 270 3378 ei
281 3331 439 3391 conueniat,
454 3345 521 3394 quos
532 3336 626 3381 tamen
640 3347 673 3381 ex
682 3331 736 3380 hac
746 3331 844 3380 fabula
858 3345 918 3380 eum
929 3329 1114 3393 desumpsisse

165 3395 200 3444 ad
213 3395 441 3459 probabilitatem
454 3413 508 3448 non
520 3403 614 3464 potest
627 3399 736 3452 adduci.
756 3396 798 3449 cf.
811 3397 873 3452 Oct,
889 3396 1073 3449 1:130.112.
1087 3399 1112 3446 4.

165 3461 252 3512 0238
265 3479 299 3503 =
311 3461 343 3510 Β.
358 3463 396 3512 1v
408 3467 440 3514 53
459 3465 543 3525 (Med.
555 3466 624 3525 234).
643 3466 667 3515 0
680 3468 730 3516 959
743 3480 765 3514 s.
777 3464 842 3513 =B
856 3465 884 3514 II
901 3467 925 3513 7.
941 3466 964 3516 1,
982 3463 1115 3512 0754:

163 3529 187 3576 B
200 3529 225 3577 V
236 3531 261 3578 4.
280 3529 312 3578 35
326 3527 453 3591 (Quintil.
464 3532 504 3580 XI
513 3534 538 3585 9.
550 3532 587 3598 3).
599 3532 622 3583 O
636 3535 686 3584 819
697 3553 731 3578 =
742 3533 765 3581 B
778 3533 817 3582 IV
830 3535 855 3585 8.
868 3531 891 3582 O
904 3533 982 3581 atas.
994 3548 1028 3573 =
1040 3529 1062 3578 B
1075 3531 1115 3582 IV
