2526 3986
97 173 100 178 '
184 174 247 239 124
463 189 495 237 c.
512 187 645 238 adraso
662 187 819 237 sardoas

182 330 347 390 recondere
362 328 482 390 ensem?
666 321 669 326 ’
1158 346 1208 394 490

148 425 166 476 b
516 410 652 482 Qualibet
666 410 762 488 gaude
777 425 874 469 mora:

103 517 104 521 ¹
184 498 213 559 id
230 515 335 576 gerere
351 495 463 557 bellum
479 498 586 575 cupitis
600 498 630 554 in
647 513 706 574 quo
723 502 768 555 est
784 494 927 571 optimum
1248 573 1249 576 Ἴ

184 584 274 643 uinci.
305 581 571 643 uererisiratris
585 581 684 640 infesti
700 578 801 640 dolosi
890 587 894 596 '
1126 599 1174 648 130

185 668 322 747 quotiens
337 684 459 727 necesse
475 674 520 726 est
535 665 638 726 fallere
653 673 704 724 aut
718 663 779 724 salii
793 682 810 724 a
825 663 895 732 suis,

184 753 298 830 patiare
314 752 411 830 potius
426 751 489 829 ipse
506 767 593 830 quam
610 748 699 809 iacias
714 748 819 810 scelus.

145 839 171 898 b'
228 835 624 896 Sedneuererezmater
638 831 760 893 insidias
776 839 804 892 et
819 832 888 892 hinc
1157 852 1205 900 495

185 927 214 980 et
229 937 335 981 rursus
350 918 431 979 illinc
448 919 555 998 abiget.
587 935 678 978 exoro
693 934 729 978 an
746 919 822 994 patri

183 1004 303 1065 inuideo
319 1011 421 1065 uestro
430 1007 445 1065 1.
464 1006 535 1064 ueni
549 1012 583 1064 ut
597 1020 730 1063 arcerem
747 1001 829 1062 nefas
1126 1020 1174 1069 135

185 1106 223 1148 an
240 1096 272 1149 ut
286 1089 419 1150 uiderem
434 1088 577 1168 propius?
592 1121 634 1130 -
649 1086 698 1146 hic
714 1085 826 1148 ferrum
844 1084 964 1157 abdidit,

184 1172 305 1234 reclinis
320 1181 413 1242 astat,
430 1189 512 1232 arma
528 1171 623 1233 defixa
638 1171 792 1238 incubant·
1011 1199 1034 1240 p,
1048 1198 1188 1242 xxxxvffl

155 1274 172 1322 b
227 1258 271 1318 td
288 1264 316 1318 te
331 1275 436 1336 preces
452 1275 532 1317 nunc
547 1265 634 1334 gnate
649 1263 798 1316 maternas
812 1255 916 1325 ieram,
1156 1251 1205 1322 500'

184 1341 235 1402 sed
252 1347 320 1402 ante
335 1341 481 1402 lacrimas.
514 1348 600 1403 teneo
616 1338 704 1416 longo
720 1347 855 1417 tempore

185 1427 276 1503 petita
292 1427 369 1487 uotis
385 1445 445 1487 ora.
478 1434 507 1486 te
521 1425 680 1503 profugum
697 1423 760 1484 scio
1126 1442 1175 1492 140

184 1512 280 1587 patrio
297 1519 418 1588 penates
434 1511 512 1586 regis
528 1510 644 1570 externi
652 1514 777 1587 tegunt:

183 1601 214 1655 te
230 1596 323 1656 maria
338 1602 384 1656 tot
399 1594 532 1664 diuersa,
547 1600 590 1653 tot
606 1611 690 1654 casus
705 1609 814 1669 uagum

185 1696 290 1757 egere:
498 1689 503 1698 ’
1058 1678 1061 1684 ’
1160 1697 1205 1744 50⁵

156 1779 174 1829 b
341 1764 406 1825 Non
423 1771 451 1824 te
467 1763 550 1824 duxit
564 1764 592 1821 in
609 1761 752 1822 thalamos
767 1778 876 1838 parens

188 1849 324 1908 comitata
340 1849 453 1926 primos
468 1865 523 1908 nec
538 1864 591 1907 sua
608 1846 699 1907 festas
719 1863 808 1906 manu

186 1933 305 1992 ornauit
321 1932 409 1993 aedes
423 1950 479 1994 nec
494 1950 546 1993 sua
562 1930 653 1992 laetas
668 1930 747 1992 iaces
1130 1950 1176 1999 145

185 2019 257 2076 uitta
274 2019 416 2087 reuinrit,
433 2018 527 2077 dona
543 2033 604 2076 non
620 2033 692 2076 auro
709 2033 818 2092 graues

186 2118 277 2178 gazas
292 2117 378 2162 socer
393 2119 453 2162 non
469 2119 540 2161 arua
556 2117 615 2160 non
631 2098 724 2159 urbes
739 2099 829 2159 dedit.
1247 2139 1248 2154 i

150 2190 178 2249 b'
232 2184 489 2247 Dotalebeilum
506 2193 561 2246 est.
590 2184 721 2245 hostiurn
737 2201 768 2244 es
784 2183 878 2245 iactus
894 2200 986 2262 gener
1162 2204 1206 2252 510
1247 2165 1248 2239 1

187 2271 283 2346 patria
298 2278 432 2331 remotus
447 2270 555 2350 hospes
571 2268 658 2328 alieni
672 2267 743 2328 laris
1128 2327 1134 2336 ,

187 2361 309 2414 externa
325 2362 500 2415 consecutus
516 2351 654 2432 expulsus
669 2353 726 2414 tuis
1129 2373 1177 2424 150

186 2439 249 2499 sine
265 2439 388 2499 crimine
404 2439 480 2500 exul.
512 2437 635 2516 nequid
653 2437 749 2498 eiatis
766 2435 817 2496 tibi

256 2725 303 2776 137
330 2725 445 2776 reclinis
464 2724 585 2787 (reclinis
603 2723 637 2788 Ii)
661 2724 759 2774 hastae
779 2727 807 2774 et
826 2739 903 2774 arma
920 2721 1012 2773 defixa
1029 2725 1110 2776 incu-

186 2791 256 2840 bant
273 2792 298 2842 A
320 2793 433 2843 reclinis
451 2792 550 2842 hastae
569 2807 646 2841 arma
664 2791 690 2842 d.
709 2794 728 2842 i.
748 2792 773 2841 Ε
796 2793 910 2843 reclinis
930 2795 1018 2841 astat
1036 2808 1062 2842 a.
1082 2793 1110 2845 d.

186 2858 327 2909 incubans
349 2863 380 2913 oi.
400 2860 489 2920 I.Gr.‚
525 2859 591 2909 recl.
611 2863 698 2920 astat,
720 2876 745 2909 a.
765 2859 790 2908 d.
809 2860 946 2910 incubant
966 2861 1065 2924 scripsi
1086 2856 1100 2927 ΙΙ

187 2929 236 2976 142
254 2932 282 2976 te
300 2929 389 2978 maria
407 2930 525 2977 tottam
543 2926 654 2977 diuersa
666 2927 692 2976 E
710 2932 767 2976 tam
785 2943 833 2978 om.
847 2928 873 2979 A
890 2943 941 2993 per
958 2929 1049 2978 maria
1068 2932 1113 2978 tot

185 2997 243 3044 tam
260 2997 340 3046 uaria
357 2997 389 3045 ci.
403 2996 486 3055 I.Gr.,
509 2998 537 3044 te
558 3009 662 3044 amora
680 2995 711 3047 ci.
724 2994 773 3045 Bo.
794 2996 858 3058 fort.
878 3000 907 3046 te
926 2995 1049 3046 damna
1068 3000 1114 3046 tot

186 3064 243 3112 tam
260 3064 360 3113 uaria
383 3059 396 3128 ss
420 3064 469 3112 144
486 3061 559 3112 letas
577 3069 600 3126 ψ
618 3062 695 3112 festa
713 3062 738 3112 Ε
760 3063 849 3113 festas
862 3064 888 3112 A
911 3059 923 3128 [Ι
948 3065 999 3114 145
1016 3061 1114 3114 laetas

184 3128 264 3180 faces
281 3129 319 3179 Ε2
336 3135 362 3180 in
378 3146 433 3180 ras.
463 3125 476 3195 ΙΙ
505 3130 554 3178 146
573 3145 639 3180 auro
660 3135 689 3180 et
707 3145 807 3194 graues
826 3132 852 3180 A
881 3146 948 3181 auro
968 3131 994 3180 E
1013 3136 1042 3181 et
1060 3148 1111 3186 om,

185 3193 240 3247 Et.
254 3197 326 3248 LGr.
340 3205 366 3248 et
378 3198 491 3260 Micca
520 3193 532 3261 ΙΙ
562 3199 610 3247 141
629 3197 727 3262 galeas
745 3197 770 3246 Ε
793 3213 879 3263 gazas
898 3199 924 3250 A
953 3195 966 3264 [l
996 3215 1066 3248 arua
1083 3200 1112 3250 A

186 3279 263 3314 armo
280 3264 330 3330 Εψ
353 3261 365 3328 Η
388 3265 471 3314 urbes
489 3281 511 3314 co
533 3264 666 3315 orbecci.
685 3265 751 3319 R.P.
776 3263 788 3331 ΙΙ
812 3268 861 3317 148
879 3266 1002 3316 hostium
1022 3273 1067 3317 est
1084 3267 1114 3315 Ε

186 3330 213 3381 h.
227 3345 256 3380 es
273 3333 309 3383 A.
345 3332 425 3382 uerbo
442 3331 535 3382 dotale
553 3358 586 3366 —
605 3336 648 3382 est
665 3332 781 3384 Eteoclis
799 3349 855 3384 ecre
864 3340 942 3399 potat
954 3333 1084 3386 Swoooda
1105 3332 1115 3400 ΙΙ

188 3397 237 3444 150
254 3399 321 3448 meis
339 3404 371 3448 ci.
389 3397 483 3457 swod„
502 3399 545 3462 qur·
561 3400 585 3450 d.
604 3417 628 3448 u.
648 3407 674 3449 et
693 3401 752 3450 151³
771 3401 884 3452 Polinioi
900 3404 1023 3468 adsignat
1034 3399 1047 3468 ΙΙ
1061 3404 1112 3453 151

187 3462 290 3522 nequid
308 3479 323 3513 e
341 3467 366 3514 A
388 3463 486 3528 nequit
503 3464 537 3514 de
554 3465 578 3513 Ε
601 3462 613 3531 Η
