2516 3998
464 222 663 272 PRAEFATIO
942 227 1043 278 XXXV

13 381 75 438 ltro
154 377 316 456 Reitdig.
339 381 391 438 Sr
413 382 446 444 6.
469 383 508 440 13
535 381 583 440 ‘ln
606 385 693 440 Annei
714 383 833 442 Senecae
855 385 1039 462 Tragoediac'
1109 427 1115 438 ·

91 467 255 608 ffiddneelrart.
271 481 344 524 xrrn
360 483 430 524 saec.
452 484 494 525 cx.
509 468 558 525 iol.
590 470 759 541 Argumenta
779 469 906 528 librarius
928 473 1038 533 addidit.

125 647 272 714 Explieiirt
282 647 411 713 tragedie
425 643 610 714 contemplate
623 663 673 713 per
684 665 788 717 magrm
802 653 905 716 Doien3
962 686 965 694 ι

161 715 195 766 de
208 715 325 766 domiers
337 715 371 766 de
384 729 515 768 cremone
526 715 602 766 ordii
612 717 661 768 bie
673 719 764 770 Morio
777 719 811 770 de

160 787 254 834 monte
268 783 396 838 carmelo.
422 782 589 836 consumatio
601 800 619 848 p
631 787 704 838 man'
717 787 864 840 anselmini

160 850 194 901 de
207 849 367 916 raymondis
380 850 459 904 Anno
473 852 552 902 dnice
564 853 742 905 Ineamotois

160 933 232 969 uoce
246 919 436 984 octuagesimo
449 925 527 971 sexto
540 919 583 970 dio
595 921 676 972 decio
690 925 790 973 octavo
803 921 880 986 maij.

91 1007 163 1064 llaec
178 1007 281 1064 addidit
296 1022 352 1063 rec.
369 1023 420 1063 m:

123 1103 183 1155 Iste
195 1104 321 1171 tragedie
335 1084 361 1156 st
373 1103 427 1155 mei
445 1141 575 1156 .........
590 1103 722 1157 morantis

159 1172 249 1236 padue
261 1186 276 1222 τ
291 1173 347 1222 nire
359 1171 468 1223 loomco
481 1171 515 1237 (i)
529 1188 598 1237 quos
610 1174 754 1239 tragedias
767 1190 819 1240 ego

159 1240 342 1292 accomoduui
354 1239 450 1305 magio
463 1240 596 1292 Tomuxio
609 1241 643 1293 de
655 1241 829 1298 Zeehenuto.

15 1343 77 1401 ltro
153 1342 316 1421 Rchdig.
346 1345 435 1408 816.
453 1343 492 1402 14
514 1345 699 1419 ‘Tragoedias
720 1362 834 1404 senecae
854 1365 915 1406 eum
937 1351 1038 1423 glossis

88 1430 192 1488 Nicolai
206 1431 326 1488 lraueth
341 1431 448 1488 Ordinis
463 1429 685 1488 Praedicatorum
700 1431 728 1488 in
742 1433 859 1507 Anglia’
874 1434 934 1490 cod.
950 1437 1036 1493 chart.

89 1533 158 1572 saec.
174 1531 259 1574 xmr.
295 1517 465 1591 Argumenta
487 1522 515 1572 et
528 1519 733 1574 conmentarius
748 1526 910 1592 perpetuus.
941 1519 999 1578 rol.
1018 1521 1035 1578 1

89 1599 140 1658 eol.
159 1601 176 1656 l
198 1600 336 1674 incipiunt
357 1600 480 1674 tragedic
502 1615 599 1657 senece
619 1601 728 1674 glosate
747 1597 752 1679 l
772 1620 823 1676 per
843 1600 898 1667 iios
912 1603 1037 1670 Nicolan3

90 1685 198 1740 traueth
215 1685 320 1740 ordinis
337 1681 394 1758 pdi
413 1677 420 1763 l
438 1690 521 1750 calori
536 1692 589 1741 etc.
619 1685 733 1742 Additae
749 1695 814 1743 snut
829 1687 938 1760 glossae
952 1690 1038 1746 inter·

88 1767 204 1826 lineares
221 1769 367 1846 uariasque
383 1785 477 1826 manus
493 1770 569 1825 uaria
585 1769 753 1829 adlenerunt.
784 1771 887 1830 Desinit
901 1772 986 1832 codex
1007 1773 1035 1828 in

86 1853 194 1911 liedeae
221 1871 319 1910 uersu:
347 1855 402 1911 Vos
421 1869 522 1929 precor
546 1853 647 1927 uulgus
670 1855 810 1913 silentum.
854 1855 1037 1914 Personarum

85 1945 167 1996 nolae
184 1938 282 1994 desunt
298 1939 345 1995 sed
361 1946 480 1996 mutatae
495 1954 629 2011 personae
643 1941 758 2014 ¹signum
773 1960 817 1992 τε
832 1941 948 1999 additur.
980 1941 1037 1999 llu-

84 2025 127 2080 ius
155 2022 220 2079 libri
240 2021 407 2081 mentionem
429 2023 493 2080 lacit
512 2023 535 2079 J.
557 2026 588 2079 li.
609 2023 749 2082 Fabricius
777 2027 804 2082 in
826 2025 893 2083 bibl.
923 2027 970 2083 lat.
991 2027 1033 2084 ed.
1112 2075 1114 2080 .

83 2107 192 2165 Ernesti
207 2115 226 2162 t.
242 2123 277 2164 11.
294 2125 316 2164 e
332 2123 375 2166 rx.

147 2204 341 2269 Gothenns
362 2210 583 2268 membranaceus
598 2210 620 2265 ll
634 2210 683 2266 No.
701 2209 752 2268 51.
804 2211 880 2267 lotia
901 2212 1034 2288 inscripta

84 2308 179 2356 cnxv.
201 2293 288 2349 lineae
310 2293 338 2348 iu
353 2293 433 2368 plena
455 2295 554 2370 pagina
569 2295 609 2352 37
631 2302 785 2352 atramento
806 2296 914 2353 ductae.
944 2296 1034 2354 Codex

82 2377 247 2434 nitidissime
268 2379 395 2453 scriptus.
424 2379 543 2438 initiales
564 2396 631 2438 auro
653 2387 680 2434 et
695 2379 850 2443 coloribus.
875 2381 946 2437 tituli
968 2381 1034 2438 sub·

82 2464 250 2536 scriptiones
270 2479 449 2537 personarum
466 2472 546 2522 notae
563 2463 650 2522 rubro
662 2465 761 2536 pictae.
799 2463 925 2520 Continet
947 2463 995 2520 iol.
1014 2465 1030 2520 l

83 2555 109 2602 et
132 2546 150 2602 2
174 2544 367 2620 argumenta*)
390 2549 483 2605 decem
503 2547 720 2624 tragoediarum,
743 2546 791 2603 iol.
814 2547 874 2604 3-
892 2546 952 2605 165
976 2555 1031 2605 tra·
1122 2619 1125 2627 1

82 2631 196 2704 goedias
223 2632 275 2688 hoc
301 2633 411 2690 ordine:
446 2633 571 2690 hercules
597 2633 701 2688 lurens.
738 2633 868 2708 thyestes.
906 2631 1029 2709 thebays.

81 2717 221 2791 ypolytus.
244 2717 359 2792 edypus.
382 2725 465 2774 troas.
487 2717 591 2774 medea.
618 2732 804 2789 agamemnon.
827 2719 942 2774 octauia.
965 2717 1029 2774 hcr-

82 2800 157 2858 cules
173 2802 283 2859 etheus.
306 2801 431 2877 Scriptus
447 2803 557 2860 uidetur
571 2804 598 2859 in
613 2801 690 2858 ltalia
705 2799 875 2874 saee.xv**)
891 2802 925 2858 de
940 2819 1030 2859 enem-
1123 2835 1129 2842 -

81 2885 151 2958 plari
173 2894 201 2942 et
223 2888 284 2960 ipso
303 2887 457 2944 recentiore
479 2886 511 2943 ab
532 2888 641 2944 homine
662 2885 773 2942 indocto
794 2886 843 2942 illo
859 2886 968 2959 quidem
984 2888 1032 2944 sed

82 2970 216 3044 diligenti.
255 2969 315 3028 rol.
332 2971 351 3028 3
373 2971 443 3028 inira
468 2978 571 3030 tentum
591 2970 709 3045 insignia
730 2969 872 3044 gentilicia
892 2987 964 3044 qnae
985 2971 1031 3027 ad·

82 3111 285 3120 ——au

149 3185 173 3248 ⁸¹)
195 3188 229 3237 In
245 3185 300 3236 fine
318 3186 400 3251 primi
422 3187 590 3252 argumenti:
614 3191 717 3238 ‘ceusu
738 3201 804 3238 nero
828 3186 954 3237 efficiens
971 3187 1031 3237 sine

81 3258 293 3320 seneccpoets.
331 3253 386 3304 Sed
409 3268 440 3319 qn
467 3254 602 3304 dubium
623 3254 776 3304 uertitur
796 3255 888 3304 inter
908 3254 1031 3304 multos

81 3321 243 3372 anluerit
257 3321 473 3372 illemorslis
487 3324 543 3387 qni
562 3321 731 3386 epistolas
751 3320 930 3371 udlncillir
944 3336 1030 3372 com-

80 3390 194 3453 posuit
206 3388 315 3455 placuit
326 3379 387 3442 τ’ὃῆ
448 3386 488 3454 **)
502 3391 535 3440 In
547 3391 634 3454 primo
648 3394 809 3455 argumento
823 3404 1030 3440 conmemoran-

79 3459 125 3505 iur
141 3456 291 3523 Hugutio
309 3459 338 3508 et
351 3457 555 3521 Boeeotins,
575 3457 701 3511 adHere.
718 3456 1030 3510 oec1611i’ravetta

79 3527 297 3576 ‘commentator
308 3524 515 3591 tragoediarum
524 3529 543 3578 '.

780 3607 819 3672 ci
