2526 3986
179 151 221 217 86
458 168 489 214 n.
507 165 640 214 nuurnr
657 163 813 212 spurcus

182 307 299 367 ceruice
315 323 400 368 caesa
417 313 540 366 truncus
555 306 584 365 in
600 323 728 383 pronum
740 306 811 374 ruit,

182 391 342 470 querulum
359 391 491 452 cucurrit
508 391 790 450 murmuroincerto
806 397 902 468 caput.

140 513 162 556 Ι·
180 489 284 538 cnon.
309 476 378 556 quid
394 476 503 537 deinde
514 475 739 553 geminacaodc
753 469 929 553 perfunctus
944 475 1033 537 iacit?
1120 495 1172 544 730

180 578 313 639 puerone
328 563 443 639 perciti
459 578 496 620 an
512 558 608 620 scelus
623 559 730 620 sceleri
740 561 870 637 ingerit?

151 665 164 714 f
223 659 328 706 nvnr.
358 644 438 707 Silua
453 643 708 724 iubatusqualis
724 647 855 706 armenia
870 643 918 706 leo

180 732 210 790 in
227 731 317 792 caede
333 730 424 792 multa
441 731 536 791 uictor
552 737 688 791 armento
702 728 822 790 incubat

181 817 299 895 (cruore
316 817 407 877 rictus
422 815 557 876 madidus
573 823 602 874 et
613 813 699 892 pulsa
713 815 794 874 lame

180 918 241 960 non
257 902 341 979 ponit
355 902 429 961 iras:
446 899 515 960 hino
531 907 560 960 et
575 898 645 959 hinc
659 906 761 964 tauros
772 916 916 977 premens
1120 917 1170 966 735

181 982 280 1046 uitulis
295 987 434 1054 minatur,
456 985 545 1046 dente
560 985 617 1044 iam
630 982 710 1045 vlasso
725 985 837 1064 piger):

140 1061 166 1121 f'
221 1069 299 1130 Non
315 1069 428 1132 aliter
442 1071 548 1134 Atreus
564 1071 657 1130 saeuit
672 1075 759 1148 atquo
774 1071 819 1129 ira
830 1075 929 1129 tumet

180 1155 353 1232 ferrumque
369 1157 486 1234 gemina
502 1154 592 1214 caede
604 1155 756 1232 perfusum
772 1161 885 1223 tenens,
970 1191 976 1202 -

181 1239 289 1300 oblitus
304 1241 333 1298 in
350 1259 437 1318 quem
453 1240 581 1309 fureret,
598 1238 702 1298 intesta
719 1256 808 1299 manu

181 1325 278 1402 exegit
292 1322 368 1385 ultra
385 1341 503 1404 corpus.
530 1332 561 1384 at
573 1326 659 1403 pueri
674 1325 770 1384 statim

182 1414 304 1488 pectore
319 1417 458 1488 receptus
474 1410 553 1469 ensis
567 1411 598 1468 in
616 1416 699 1487 tergo
716 1409 836 1468 erstitit.

141 1486 168 1560 ε’
223 1492 307 1555 Cadit
320 1493 369 1555 illo
385 1501 414 1554 et
428 1511 494 1554 aras
510 1495 653 1572 sanguiue
670 1495 844 1571 extinguens
854 1511 912 1554 suo

182 1597 234 1656 per
249 1586 408 1658 utrumque
423 1578 532 1639 uulnus
548 1581 685 1639 moritur.

105 1663 108 1666 ’
181 1675 284 1725 cnon.
717 1681 872 1723 osaeuum
884 1661 995 1723 scelus.

181 1762 286 1808 NVNT.
310 1749 524 1810 exhorruistis?
545 1749 688 1809 hactenus
704 1749 728 1807 si
743 1747 907 1816 statnelas,

181 1835 248 1913 pius
264 1842 317 1894 ost.

147 1935 162 1970 e
224 1930 327 1978 cnon.
372 1919 417 1978 An
431 1918 509 1978 ultra
525 1921 618 1980 maius
633 1924 684 1978 aut
699 1919 828 1979 atrocius

181 2009 285 2062 natura
301 2004 424 2081 recipit?

181 2099 284 2146 NVNT.
464 2087 625 2149 sceleris
639 2087 718 2147 hunc
734 2087 822 2146 linem
836 2088 945 2165 putas?

181 2171 291 2249 gradus
307 2178 359 2233 est.
527 2241 530 2249 ,

181 2268 285 2317 GHOR.
397 2257 466 2336 quid
482 2256 559 2317 ultra
574 2257 687 2335 potuit?
709 2256 818 2317 obiecit
833 2255 905 2317 ieris

186 2341 322 2402 lanianda
338 2342 439 2403 forsan
458 2359 584 2421 corpora
600 2351 688 2418 atque
704 2342 772 2420 igne
786 2343 892 2401 arcuit.

186 2439 289 2486 anr.
314 2427 424 2486 utinam
441 2429 594 2487 arcuisset.
622 2443 662 2486 ne
677 2432 758 2504 tegat
772 2427 890 2486 iunctos
905 2427 1023 2496 hornus,

184 2527 240 2570 nec
254 2509 350 2571 soluat
364 2512 455 2590 ignis,
473 2511 578 2572 auibus
590 2509 756 2588 epulandos
771 2508 840 2570 licet

185 2594 316 2674 lorisque
332 2598 416 2656 triste
431 2595 573 2674 pabulum
590 2597 687 2657 saeuis
702 2596 809 2656 trahet.

147 2671 174 2730 o‘
229 2680 335 2740 Votum
353 2689 397 2741 est
411 2680 467 2753 sub
482 2681 554 2749 hoc,
571 2681 650 2760 quod
667 2698 732 2741 csse
747 2678 924 2758 supplicium
939 2677 1029 2740 solet:

184 2771 269 2840 pater
284 2764 446 2842 insepultos
461 2773 584 2844 spectet.
615 2784 633 2825 o
648 2764 729 2825 nullo
751 2763 828 2825 scel
838 2783 877 2824 us

184 2847 327 2908 credibile
341 2851 371 2909 in
388 2868 461 2910 aeuo
477 2851 617 2928 quodque
632 2851 791 2927 posteritas
806 2856 902 2928 neget.

183 2942 284 3010 erepla
301 2935 376 2993 uiuis
392 2942 456 2994 exta
473 2935 644 3014 pectoribus
659 2941 791 2996 tremunt

184 3019 357 3098 spirantque
372 3037 467 3079 uenae
483 3037 594 3098 corque
609 3019 706 3080 adhuc
721 3020 861 3099 pauidum
877 3019 952 3080 salit.

183 3171 384 3184 ——nn-——u

252 3257 301 3306 ‘131
330 3255 435 3306 scelere
457 3255 482 3306 Ε
512 3255 614 3307 sceleri
631 3257 657 3306 Α
697 3253 709 3322 [Ι
750 3258 799 3307 739
830 3261 968 3318 rueretur
998 3255 1105 3306 fureret

185 3319 231 3368 Εα
253 3317 265 3386 Η
294 3324 342 3372 741
361 3325 431 3374 exiit
449 3341 467 3374 α
490 3325 570 3375 stetit
587 3323 627 3373 uc
646 3325 739 3374 extitit
756 3332 796 3388 ψε
819 3321 830 3390 ll
860 3326 910 3375 744
927 3339 982 3374 non
1001 3327 1061 3374 stat
1079 3324 1104 3373 A

184 3388 305 3438 stetitli
334 3390 357 3438 si
376 3396 433 3440 stat
450 3392 476 3441 E
503 3388 515 3457 ΙΙ
544 3393 593 3442 tto
615 3391 677 3457 plus
697 3396 739 3441 est
757 3393 782 3441 Α
815 3393 876 3458 plus
896 3396 939 3442 est
957 3391 984 3442 E
1012 3389 1025 3458 ΙΙ
1056 3393 1106 3442 ‘loo

185 3465 220 3499 ne
239 3455 262 3499 Α
286 3469 340 3503 nec
358 3457 383 3504 Ε
405 3455 417 3523 ll
441 3461 489 3509 751
508 3460 602 3508 tradat
620 3459 645 3507 Ε
668 3457 680 3525 [Ι

976 3501 1001 3529 t
