2490 3984
537 181 734 244 scansuro

176 354 235 396 non
252 343 295 395 est
310 333 477 396 lacrimis
493 333 655 396 Cassandra
673 335 792 405 modus,

174 421 242 498 quia
259 436 334 496 quae
349 421 477 497 patimur
493 421 622 480 uicere
639 420 768 480 modum.

173 505 306 585 [miseris
319 507 460 566 colendos
473 508 606 566 maxime
619 522 745 582 superos
756 503 873 584 putem]

218 686 290 734 cas.
315 674 445 734 Vicere
460 682 559 735 nostra
576 675 632 734 iam
650 683 746 734 metus
762 675 857 734 omnis
872 672 957 734 maie.
1048 690 1050 696 ¹

173 759 311 838 equidem
327 777 383 818 nec
399 758 591 819 ulla-caelites
606 758 691 836 placo
707 777 796 837 prece

174 861 230 903 nec
245 845 271 904 si
286 842 379 903 uelint
393 844 523 912 saeuire,
540 861 598 922 quo
614 851 741 904 noceant
755 841 874 904 hahent.

174 927 292 988 fortuna
309 929 388 988 uires
403 929 465 1006 ipsa
481 929 665 1007 consumpsit
680 947 757 990 suas

217 1011 298 1081 Quae
314 1014 407 1090 patria
422 1020 514 1073 restat
528 1015 594 1091 quis
610 1021 693 1091 pater
708 1031 783 1090 quae
799 1014 855 1072 iam
872 1013 975 1072 soror?

174 1095 278 1158 hibere
293 1095 399 1157 tumuli
414 1099 587 1174 sanguinem
604 1106 691 1176 atque
707 1115 775 1158 arae
792 1116 900 1158 meum.

172 1182 243 1260 quid
258 1180 307 1241 iiia
323 1180 393 1242 ieiix
410 1181 496 1242 turba
513 1182 636 1242 fraterni
655 1183 796 1260 gregesi'

173 1267 315 1326 exhausta
331 1284 448 1343 nempe.
479 1268 560 1344 regia
577 1268 679 1326 miseri
695 1284 781 1328 senes

174 1368 266 1410 uactra
283 1349 377 1410 relicti
395 1358 499 1430 totque
515 1369 567 1428 per
583 1350 727 1412 thalamos
742 1351 845 1411 uident

173 1441 293 1514 praeter
309 1435 471 1496 Lacaenam
488 1442 600 1496 ceteras
617 1436 720 1496 uiduus
736 1453 838 1496 nurus.

217 1519 272 1578 Tot
288 1519 335 1580 iiia
351 1538 460 1598 regum·
473 1529 566 1580 mater
582 1527 611 1581 et
626 1516 759 1597 regimen
776 1520 925 1598 Phrygum

172 1603 298 1664 secunda
314 1606 342 1664 in
359 1606 443 1682 ignes
459 1603 579 1664 Hecuba
595 1604 722 1665 satorum
740 1621 833 1665 nonas

72 1737 74 1742 .
171 1697 293 1766 experta
308 1688 389 1767 leges
404 1689 498 1749 induit
512 1687 611 1749 uultus
627 1689 721 1748 ieros:

171 1776 250 1833 circa
267 1775 369 1834 ruinas
384 1773 485 1834 rabida
502 1772 621 1834 intrauit
637 1789 705 1834 suas

170 1859 279 1920 Troiae
295 1867 446 1937 superstes
461 1859 581 1919 Hectori
595 1858 714 1919 Priamo
730 1856 794 1918 sibi.

215 1956 295 2005 cuo.
320 1944 392 2005 Sitet
407 1952 529 2022 repente
544 1943 675 2020 phoebas
692 1950 719 2003 et
735 1943 830 2022 pallor
845 1960 935 2022 genas

173 2028 338 2108 creberque
355 2035 448 2089 totum
466 2029 595 2108 possidet
611 2047 719 2108 corpus
737 2037 863 2097 tremor,

171 2121 281 2174 stetere
297 2115 402 2183 uittae,
419 2113 516 2174 meliis
532 2113 679 2174 horrescit
694 2132 792 2183 coma,

170 2197 277 2258 anhela
294 2199 383 2258 corda
400 2217 552 2259 murmure
568 2198 681 2258 incluso
698 2198 843 2266 fremunt,

171 2284 283 2343 incerta
300 2290 404 2342 nutant
417 2282 527 2342 lumina
544 2291 573 2342 et
587 2285 666 2343 uersi
682 2291 765 2342 retro

170 2373 350 2442 torquentur
366 2365 457 2435 oculi,
475 2385 578 2426 rursus
592 2368 711 2426 inmites
726 2367 831 2443 rigent.

173 2466 252 2508 nunc
267 2447 346 2509 leuat
360 2450 390 2508 in
407 2468 495 2510 auras
511 2448 596 2510 altior
612 2449 697 2509 solito
714 2459 802 2526 caput

116 2557 119 2562 ·
171 2533 366 2612 graditurque
381 2532 473 2604 celse,
490 2551 569 2595 nunc
584 2533 756 2594 reluctantis
773 2542 857 2611 parat

171 2636 308 2680 reserare
324 2618 440 2688 fauces,
458 2619 549 2679 uerba
567 2636 646 2678 nunc
663 2617 761 2678 ciauso
777 2617 853 2680 maie

171 2703 300 2764 custodit
316 2722 368 2764 ore
383 2722 503 2765 maenas
518 2705 664 2782 inpatiens
680 2703 735 2764 dei.

215 2800 287 2886 ogs,
312 2787 404 2857 Quid
421 2807 473 2850 me
489 2789 598 2850 suroris
614 2791 732 2850 incitam
749 2789 874 2851 stimulis
892 2792 978 2860 noui,

170 2967 374 2978 *Q—

237 3095 262 3126 u.
282 3080 332 3128 730
346 3084 408 3141 post
426 3081 475 3129 735
494 3079 651 3141 transposuit
670 3077 795 3128 Swohodn
818 3074 830 3143 Η
853 3095 876 3126 u.
896 3079 945 3128 731
964 3080 989 3126 in
1007 3093 1087 3142 nrarp.

169 3146 256 3197 adeor.
276 3146 298 3194 R
322 3147 406 3196 delent
421 3150 486 3196 cont.
510 3163 533 3195 u.
554 3149 603 3196 733
632 3141 643 3210 Η
673 3145 747 3195 GAS.
766 3145 791 3194 E
814 3145 904 3197 om.A
934 3141 945 3208 Η
974 3143 1040 3208 pute
1063 3145 1088 3194 E

170 3229 233 3263 reor
255 3215 280 3263 A
309 3211 321 3278 Η
355 3215 404 3265 732
428 3213 502 3264 CAS.
527 3215 552 3263 A
582 3229 629 3263 om.
652 3213 678 3262 E
707 3211 718 3278 Η
747 3209 842 3262 nostrai
864 3212 890 3261 Ε
919 3208 930 3278 Η
960 3213 1009 3262 738
1031 3214 1086 3264 fra-

169 3284 283 3345 trumrp
312 3278 324 3348 Η
353 3283 445 3348 gregis
464 3299 485 3332 ω
515 3297 623 3348 greges
642 3281 738 3332 IGron.
767 3276 778 3346 Η
808 3281 858 3330 733
876 3280 1010 3330 exhaustu
1029 3281 1054 3330 E
1074 3282 1086 3345 Η

172 3349 250 3412 regia
268 3349 317 3399 ER
335 3351 441 3416 regiam
459 3351 484 3400 A
502 3346 514 3417 Η
531 3365 611 3400 senes
623 3349 648 3399 Ε
667 3350 741 3399 senis
754 3350 779 3398 A
797 3344 808 3414 Η
825 3350 874 3398 740
891 3363 983 3398 necue
995 3349 1021 3397 E
1038 3364 1087 3398 ua·

172 3429 252 3464 cuum
265 3417 290 3466 Α
313 3414 324 3483 Η
348 3419 396 3468 747
438 3419 530 3470 hoebe
547 3417 573 3466 Ε
594 3413 605 3482 Η
626 3418 674 3467 751
693 3418 838 3480 micante
859 3412 870 3482 Η
894 3415 1087 3468 custumia

170 3497 251 3546 cupra
268 3500 293 3536 ze.
313 3487 360 3536 767
379 3487 402 3536 R
419 3435 436 3552 Η
