2490 3984
164 133 231 199 402
423 77 425 82 Δ
554 146 697 194 luccam

167 290 319 350 ‘resistite’
336 289 446 366 inquit:
470 291 547 347 ‘nun
564 287 647 348 iuror
662 294 791 348 mentem
808 288 942 360 abstulit,

167 374 269 434 surore
285 374 406 452 grauius
421 372 497 432 istud
515 378 602 452 atque
617 373 660 432 ira
676 371 786 432 malum
798 380 855 433 est.

167 460 198 520 iu
214 478 261 519 me
276 460 359 521 iuuat
374 461 514 518 saeuire'
545 459 596 517 uix
611 465 724 534 pestem
740 456 851 518 indicat

167 552 196 606 et
211 545 319 604 saeuit:
344 550 426 602 artus
442 543 505 620 ipse
521 541 662 604 dilacerat
678 560 748 603 suus

168 636 196 690 et
211 627 346 690 membra
362 634 445 688 uasta
461 629 556 704 carpit
571 626 704 687 aueiiens
719 644 826 688 manu:

167 731 277 775 exuere
293 714 418 773 amictus
433 713 559 790 quaerit.
592 711 649 771 boc
665 711 760 772 selum
776 712 935 774 Herculem

166 816 227 859 nun
242 815 330 876 posse
346 797 425 868 uidi,
443 797 562 858 trahere
579 804 702 857 cenatus
717 803 816 858 tamen

166 891 196 944 et
211 881 345 953 membra
360 883 463 942 traxit:
488 883 623 960 corporis
638 881 714 959 palla
729 881 845 942 horridi

165 986 235 1046 pars
250 974 295 1028 est
310 974 340 1027 et
354 967 448 1046 ipsam
464 967 595 1028 uestibus
610 968 715 1028 miscet
730 976 837 1027 eutem.
1102 981 1150 1030 835

68 1063 69 1068 ’
165 1071 222 1113 888
237 1070 326 1114 88888
342 1051 423 1113 dirae
440 1049 530 1111 cladis
545 1052 575 1111 in
594 1051 691 1111 medio
708 1058 804 1130 patet,

166 1138 219 1200 sed
236 1155 323 1198 eausa
339 1144 507 1197 tamen-est.
539 1139 649 1214 uirque
665 1137 816 1197 sufficiens
832 1135 909 1196 maio
1010 1175 1011 1178 κ

164 1241 244 1283 nune
261 1240 313 1282 ore
329 1229 441 1282 terram
456 1220 614 1298 languidus
629 1238 725 1299 prere
742 1223 865 1300 premit,

164 1325 244 1367 nune
261 1308 358 1384 poscit
372 1305 482 1374 undas,
498 1307 578 1366 unda
593 1323 653 1365 nun
668 1307 760 1366 uincit
775 1305 893 1366 maium.

163 1391 321 1452 fluctisona
336 1392 452 1468 quaerit
467 1389 553 1451 litura
570 1399 599 1450 et
614 1397 736 1468 pontum
753 1396 892 1470 occupat:
965 1403 1148 1448 ccxxxxvm

164 1475 319 1536 famularis
334 1475 415 1536 ilium
431 1476 540 1536 retinet
555 1482 704 1536 errantem
721 1493 836 1537 manus.
1101 1487 1149 1536 841

163 1567 456 1620 DEIAN.0sortem
473 1559 622 1620 acerbam.
653 1561 762 1620 inimus
777 1559 896 1620 Alcidae
911 1577 1008 1637 pares.
1179 1573 1184 1580 '

163 1651 258 1704 ΗΠ.
274 1661 354 1704 nune
369 1643 478 1723 puppis
493 1643 574 1704 ilium
590 1643 677 1703 litore
693 1642 817 1704 euboico
832 1643 926 1703 reiert

164 1736 323 1806 austerque
338 1728 413 1789 ienis
427 1728 544 1806 pondus
559 1727 733 1788 herculeum
748 1729 834 1806 rapit.

163 1826 284 1874 88188.
302 1813 434 1873 destituit
448 1813 564 1872 animus
579 1811 723 1882 membra,
740 1829 798 1871 nux
815 1811 916 1873 oculus
931 1813 1049 1891 premii.
1101 1825 1153 1876 848

164 1898 234 1976 quid
250 1898 347 1958 anime
364 1897 480 1957 cessas?
503 1896 572 1976 quid
589 1897 709 1975 stupes?
731 1897 842 1956 iactum
859 1905 903 1957 est
918 1897 1024 1958 scelus.

162 1990 265 2042 uatum
281 1983 411 2060 reposcit
425 1981 559 2060 luppiter
574 1980 647 2041 lune
663 1979 829 2052 aemulum,

162 2066 335 2127 reddendus
350 2066 415 2126 urbi
432 2073 486 2127 est.
517 2067 596 2146 quod
612 2073 696 2144 putes
711 2064 803 2125 redde
820 2065 940 2136 exhibe,

163 2159 211 2212 eat
225 2169 279 2229 per
295 2158 379 2226 artus
395 2149 474 2212 ensis
490 2159 610 2212 exactus
626 2169 718 2210 meos.

163 2237 261 2298 sicsic
277 2235 423 2314 agendum
441 2243 494 2296 est.
511 2271 553 2282 -
570 2244 628 2296 tam
644 2233 718 2295 leuis
733 2251 844 2312 peenas
860 2253 965 2295 manus
1026 2262 1031 2268 ·
1102 2246 1156 2297 888

163 2325 251 2381 tantis
266 2320 414 2398 repescit?
437 2321 528 2380 redde
544 2318 717 2380 fulminibus
733 2335 840 2396 precer

164 2423 270 2466 nurum
286 2404 452 2466 scelestam.
484 2423 540 2465 nec
555 2404 616 2466 leui
631 2403 691 2465 telo
707 2421 812 2464 manus

163 2556 335 2619 (membrum)
355 2556 442 2607 multo
460 2557 575 2607 uulnere
595 2557 765 2607 ambesum
781 2556 903 2619 undique
922 2554 1008 2620 (aicA
1023 2558 1085 2607 ab·
1101 2593 1117 2604 .
1216 2559 1217 2594 i

162 2628 292 2689 ruptum
305 2623 342 2688 E)
355 2619 367 2690 Η
379 2627 429 2675 887
446 2625 582 2675 Desistite
601 2620 647 2690 ΕΗ
659 2625 709 2676 828
728 2624 817 2673 ira’st
834 2624 934 2674 malum
953 2625 1054 2675 Detrio.
1076 2621 1088 2692 Η
1216 2615 1217 2632 ’

161 2693 210 2742 831
229 2691 325 2756 capita
341 2692 450 2742 uellens
468 2692 493 2741 E
511 2694 601 2758 carpit
613 2692 739 2742 auellens
752 2692 776 2741 A
789 2688 800 2758 Η
813 2693 863 2743 835
880 2693 982 2742 Parum
1000 2697 1043 2742 est
1058 2693 1086 2742 E

160 2760 230 2809 Pars
241 2762 283 2809 est
293 2759 317 2808 A
330 2755 342 2825 Η
353 2760 443 2825 ipsam
453 2760 479 2809 E
483 2762 518 2825 p?
530 2762 594 2825 ipsa
603 2761 628 2809 A
641 2757 653 2826 Η
665 2761 752 2810 uestis
762 2760 898 2810 immiscet
907 2777 929 2810 ω
941 2761 1086 2810 uestibus

160 2827 259 2877 miscet
281 2829 377 2892 scripsi
398 2824 410 2894 Η
433 2829 482 2879 837
506 2828 555 2878 sed
579 2842 666 2878 causa
688 2832 782 2878 tante
807 2832 849 2878 est
871 2830 979 2892 uiaque
1002 2843 1024 2878 s.
1043 2845 1084 2878 m.

160 2895 236 2945 NHe.
264 2895 370 2960 uisque
389 2902 415 2945 et
434 2896 512 2946 Gron.
533 2897 564 2946 ei.
589 2892 601 2962 Η
623 2897 673 2947 838
692 2896 791 2960 premit
809 2895 835 2944 Ε
861 2895 927 2946 ferit
943 2897 969 2946 A
992 2891 1005 2962 Η
1028 2898 1087 2947 840

158 2961 323 3012 Fluctisoua
341 2963 367 3012 Ε
378 2963 453 3013 AER
471 2964 508 3012 Et
525 2967 592 3014 uota
609 2965 634 3013 A
647 2959 659 3030 Η
671 2965 720 3016 842
737 2963 891 3014 Deianirae
909 2965 981 3022 dedi,
1000 2964 1087 3028 Hylli

159 3037 199 3080 est
216 3048 238 3081 ω
254 3027 266 3096 Η
283 3031 333 3081 843
351 3032 417 3080 ferit
434 3031 460 3080 E
482 3031 575 3082 uehit
595 3032 672 3082 Grec.
697 3033 804 3082 ferens
823 3031 898 3081 NHs.
922 3031 1008 3082 888888
1025 3033 1053 3080 A

159 3098 301 3150 stabnt.
321 3098 347 3147 Ε
365 3100 472 3162 Lipsius
491 3098 538 3162 (ece
550 3097 621 3164 888)
640 3116 685 3150 om.
698 3101 723 3149 A
735 3094 748 3166 Η
760 3101 810 3150 846
827 3099 901 3152 DEI.
920 3100 944 3149 A
965 3115 1012 3149 em.
1025 3099 1054 3148 E

159 3165 265 3216 factum
291 3169 334 3214 888
351 3167 442 3216 888188
459 3167 521 3218 ER
538 3168 644 3230 Lipsius
661 3167 713 3231 (eac
730 3165 786 3234 td)
818 3171 860 3217 888
878 3183 924 3217 om.
942 3167 967 3215 A
992 3161 1004 3232 Η
1026 3167 1085 3217 848

159 3237 250 3296 potest
268 3249 289 3282 ω
307 3237 391 3298 potes
411 3233 489 3284 Grau.
506 3231 517 3299 Η
535 3235 618 3285 redde
636 3235 661 3284 E
680 3235 758 3284 reddi
776 3235 800 3284 A
818 3231 832 3302 Η
851 3235 900 3286 848
919 3239 1033 3284 exactos
1054 3233 1084 3282 Ε

160 3304 274 3349 exactus
293 3301 318 3349 A
331 3299 342 3366 Η
354 3303 402 3352 851
422 3303 528 3352 Tantas
547 3303 586 3354 εΑ
606 3304 698 3352 Τ8888
716 3304 739 3354 R
756 3303 863 3353 Tantis
881 3302 986 3366 Lipsius
1005 3301 1084 3351 'l‘ua

159 3367 191 3413 te
210 3366 285 3414 NHe.
305 3372 368 3418 cont.
384 3369 445 3421 Oed.
464 3373 522 3420 957.
536 3366 547 3436 Η
560 3369 642 3420 redde
660 3370 721 3436 Εψ
739 3369 805 3420 tolie
823 3371 848 3420 A
867 3370 956 3436 perde
974 3369 1082 3434 Rapite-

159 3431 256 3492 lenpius
267 3429 279 3496 Η
291 3448 388 3496 precer
406 3435 431 3484 E
449 3452 528 3488 88888
546 3439 570 3488 A
595 3435 606 3503 Η
