2550 3978
200 149 266 216 250
484 167 514 212 n.
532 167 664 214 auunnr
680 166 837 214 sennenn

200 323 318 383 semper
333 305 459 375 tenebit,
476 303 624 384 sempera
641 297 724 383 tingo
740 307 828 368 timor

200 393 352 470 respicere
368 398 454 468 coget
469 407 550 450 arma
567 409 622 452 neo
637 393 707 468 poni
722 393 812 460 sinet,

201 475 271 536 dum
287 475 453 554 Phrygibus
468 477 582 538 animos
597 486 704 553 gnatus
720 478 833 536 euersis
849 475 929 535 dabit

200 560 407 621 Andromacha
425 567 534 620 uester.

200 659 306 706 Anna.
543 678 558 694 ι
597 661 691 720 augur
707 645 780 705 haeo
797 644 919 706 Calchas
935 635 1031 706 canit?

200 744 255 792 vn.
280 739 310 790 et
324 731 348 789 si
364 735 476 790 taceret
490 745 584 804 augur
600 729 674 790 haee
688 728 826 800 Caiohas,
843 737 943 790 tamen

201 814 315 875 dicebat
332 813 442 874 ileotor
458 815 541 874 ouius
558 821 587 874 et
602 815 723 892 stirpem
740 815 860 874 horreo.

201 898 363 980 [generoso
378 902 410 959 m
427 905 511 959 ortus
524 901 638 960 semino
652 907 808 974 exurgam
821 897 916 978 suos]

166 979 193 1038 b'
246 984 294 1045 Sio
309 981 357 1043 iiie
373 984 472 1060 magni
490 1000 598 1059 paruus
614 985 740 1044 armenti
756 1001 856 1044 eomes

200 1069 363 1148 primisque
378 1067 508 1127 nondum
526 1067 668 1128 cornibus
683 1068 798 1128 findens
814 1075 909 1129 nutem
956 1103 958 1108 ·

201 1155 318 1214 ceruice
334 1151 431 1213 suhito
448 1151 544 1212 eeisus
559 1161 588 1213 et
603 1154 700 1213 fronte
715 1153 824 1214 arduus

201 1255 322 1316 gregem
340 1243 493 1315 paternum
510 1237 591 1296 ducit
606 1255 639 1298 ao
654 1239 755 1314 pecori
770 1239 905 1316 imperat.

201 1340 276 1400 quae
292 1329 395 1382 tenera
412 1339 498 1382 oaeso
514 1322 597 1399 uirga
614 1322 651 1382 de
666 1330 773 1382 trunoo
789 1323 884 1390 stetit,

201 1424 255 1484 par
271 1408 332 1484 ipsa
350 1407 435 1487 metri
451 1412 585 1484 tompore
601 1409 708 1483 exiguo
725 1406 804 1467 subit

200 1490 380 1568 umbrasque
396 1491 484 1551 terris
498 1490 597 1551 reddit
613 1497 642 1551 et
657 1490 738 1552 eaelo
754 1509 869 1552 nemus.

166 1594 182 1629 e
243 1575 292 1636 Sio
308 1574 383 1634 rnaie
398 1573 519 1636 relictus
534 1576 602 1654 igne
617 1576 654 1636 de
669 1594 776 1654 magno
793 1578 866 1636 cinis

200 1661 279 1721 uires
297 1661 427 1719 resumit.
460 1668 504 1718 est
520 1661 638 1739 quidem
655 1662 779 1722 iniustus
796 1660 880 1721 dolor

199 1762 301 1805 rerum
319 1745 501 1814 aestimator,
518 1747 542 1804 si
559 1754 654 1806 tamen
672 1755 768 1805 tecum
785 1747 899 1822 exigue,

200 1831 318 1890 ueniam
336 1828 419 1889 dahis
434 1829 512 1907 qnod
529 1828 604 1891 helle
622 1839 688 1908 post
703 1831 815 1891 hiemes
831 1831 934 1891 docem

200 1914 381 1992 totidemque
398 1931 508 1974 messes
524 1916 581 1990 iarn
597 1933 688 1976 senex
705 1915 788 1976 miles
805 1917 889 1975 timet

200 1998 329 2077 aliasque
345 1996 445 2057 clades
460 2016 566 2058 rursus
581 2018 615 2059 ac
631 2017 792 2078 numquam
809 1999 887 2062 hene

200 2083 319 2142 Troiam
335 2084 489 2142 iacentem.

166 2160 190 2219 θ’
530 2168 635 2244 Magna
652 2186 700 2229 res
716 2168 831 2229 Danaos
846 2175 947 2229 mouet

200 2253 317 2314 iuturus
332 2252 455 2312 Hector:
479 2251 572 2312 libera
588 2254 693 2314 Graios
709 2260 797 2313 metu.

199 2339 273 2399 haeo
289 2355 345 2398 una
362 2354 454 2397 naues
469 2355 556 2398 nausa
573 2336 714 2397 deductas
730 2346 824 2407 tenet,

199 2424 246 2484 his
262 2422 364 2483 oiassis
379 2422 491 2482 haeret.
523 2421 767 2486 noue,orudeiem
784 2428 869 2500 putes

200 2508 277 2586 quod
294 2514 374 2566 sorte
389 2507 486 2566 iussus
502 2507 638 2567 Hectoris
654 2514 773 2584 gnatum
791 2515 903 2585 petam:

199 2593 337 2669 petissem
353 2590 489 2651 Oresten.
519 2600 621 2668 patere
637 2591 715 2670 qnod
734 2593 828 2652 uictor
845 2591 918 2652 tulit.

165 2760 183 2810 d
243 2773 348 2820 nunu.
366 2760 480 2820 Vtinam
494 2760 704 2838 quidemesses
715 2768 823 2839 gnate
836 2770 968 2822 materna
981 2760 1010 2820 in
1023 2778 1114 2822 manu
1132 2771 1184 2823 565

201 2862 379 2921 nossemque
395 2845 503 2923 quista
520 2863 604 2906 casus
620 2853 754 2923 ereptum
770 2845 841 2905 mihi

201 2983 403 2990 --·--———-—

266 3048 316 3098 542
338 3047 531 3097 Andromacha
549 3065 595 3101 om.
618 3057 641 3112 ψ
658 3045 670 3115 Η
688 3049 742 3098 ΑΝ.
762 3052 856 3098 uester
875 3063 962 3112 augur
980 3049 1005 3097 A
1030 3049 1114 3099 AND.

197 3117 259 3166 Heo
278 3120 371 3167 uester
394 3124 521 3179 augurqr
552 3117 608 3170 AN.
632 3133 679 3167 om.
703 3117 728 3166 E
755 3114 767 3182 ΙΙ
796 3115 990 3166 Andromacha
1011 3115 1115 3170 uester.

198 3184 281 3234 AND.
306 3185 401 3249 Augur
424 3185 617 3250 Henneherqer.
648 3185 840 3234 Andromacha
858 3198 985 3248 sospes.
1006 3183 1058 3234 GB:
1080 3201 1116 3236 an

198 3252 281 3302 AND.
295 3249 431 3302 D'exter?
443 3248 454 3318 ii
466 3253 516 3303 543
528 3253 585 3302 VL.
600 3253 624 3301 A
643 3269 689 3306 om.
705 3253 729 3301 Ε
746 3253 783 3302 At
796 3253 819 3301 si
831 3260 854 3315 ψ
867 3249 878 3318 Η
891 3252 960 3301 haec
974 3266 1076 3301 caecas
1090 3253 1115 3302 E

198 3319 251 3368 hoo
270 3319 390 3370 Calchas
410 3321 433 3369 Α
454 3325 482 3369 et
501 3320 592 3370 calcas
611 3331 634 3382 ψ
652 3317 663 3386 ΙΙ
679 3323 729 3372 545
745 3323 836 3370 sustuli
850 3316 861 3385 Η
877 3321 927 3371 555
946 3321 1072 3370 excuties
1090 3321 1116 3370 E

199 3392 216 3434 t.
228 3386 325 3435 IGron.
336 3386 372 3450 (2²)
385 3384 397 3451 ΙΙ
408 3389 458 3438 556
470 3388 574 3436 hiemes
587 3388 613 3437 Ε
631 3404 718 3438 annos
728 3389 752 3438 A
765 3385 777 3454 li
789 3390 838 3438 557
851 3387 1023 3438 meseonem
1040 3403 1118 3439 men-

199 3464 244 3498 ses
263 3449 373 3516 ΑΙΙ560
391 3454 481 3503 libera
499 3471 549 3505 nos
567 3455 619 3505 hoo
638 3472 672 3506 m.
693 3458 717 3506 A
736 3450 754 3506 i.
774 3457 868 3520 graios
885 3472 920 3509 m.
939 3454 1005 3504 ΕΕΕ
1027 3452 1040 3522 ΙΙ
