2526 3986
207 181 268 245 128
486 195 516 242 n.
535 193 670 242 aunam
685 191 843 240 amurcae

202 333 381 414 humilisque
396 351 534 394 socerum
549 332 607 393 lixa
623 332 822 394 dominantem
838 333 965 410 sequar?

203 421 233 480 in
249 421 422 480 seruitutem
439 417 545 478 cadere
561 417 598 478 de
612 435 706 495 regno
722 433 814 492 graue
829 423 881 477 est.

204 516 272 564 100.
297 505 320 564 si
336 521 429 580 regna
444 504 563 581 quaeris
578 520 633 562 uec
649 508 747 581 potest
762 508 879 580 sceptro
896 520 1000 564 manus

205 606 312 650 uacare
327 606 430 648 saeuo:
455 587 545 648 multa
557 596 637 665 'quae
652 586 765 664 possint
780 587 840 664 peti

203 675 233 732 in
250 672 323 733 orbe
338 680 409 742 toto,
426 671 574 750 quaelibet
588 670 675 732 tellus
690 668 778 730 dabit.

175 768 193 817 h
248 757 339 817 Hinc
355 763 423 816 uota
439 755 556 818 Baccho
571 755 693 816 Tmolus
709 753 815 816 attollit
829 755 905 832 iuga,

205 860 262 919 qua
276 839 334 902 lata
350 843 439 901 terris
454 841 544 919 spatia
561 839 711 916 frugiferis
726 841 823 900 iacent
850 871 853 876 ·

204 935 234 986 et
248 945 305 1004 qua
321 927 441 986 trahens
457 924 596 1004 opulenta
610 923 747 986 Pactolus
763 924 839 986 uada

204 1011 328 1070 inundat
343 1029 415 1072 auro
432 1027 512 1070 rura.
544 1028 601 1070 nec
615 1009 698 1070 laetis
713 1010 810 1069 minus

204 1095 379 1156 Maeandros
395 1095 474 1156 aruis
489 1094 579 1156 llectit
595 1101 729 1154 errantes
745 1111 836 1172 aquas

203 1179 384 1259 rapidusque
400 1197 520 1258 campos
536 1179 647 1240 fertiles
663 1179 791 1240 Hermus
806 1185 895 1240 secat.

166 1265 192 1322 h'
247 1264 273 1324 H
280 1267 340 1324 ino
356 1272 438 1342 grata
455 1265 555 1324 Cereri
572 1263 703 1341 Gargara
722 1270 751 1322 et
766 1263 849 1323 diues
864 1261 958 1342 solum

204 1349 282 1427 quod
298 1348 433 1409 Xanthus
448 1348 541 1408 ambit
556 1348 675 1409 niuibus
690 1347 783 1408 idaeis
799 1355 932 1416 tumens,

204 1433 273 1493 binc
289 1451 347 1511 qua
363 1431 504 1512 relinquit
518 1451 627 1493 nomen
642 1433 711 1494 ionii
726 1433 817 1492 maris

203 1519 363 1596 faucesque
378 1517 480 1596 Abydo
496 1517 598 1578 Sestos
613 1517 747 1596 opposita
762 1518 878 1594 premit,
976 1517 978 1521 ’

205 1611 255 1662 aut
270 1621 345 1683 quae
359 1603 436 1663 latus
450 1603 507 1662 iam
524 1603 646 1681 propior
662 1603 770 1662 orienti
785 1601 879 1662 dedit

205 1693 356 1766 tutamque
372 1686 486 1748 crebris
501 1686 636 1765 portibus
652 1686 769 1765 Lyciam
784 1685 880 1746 uidet:

169 1785 192 1834 1⁰
259 1773 339 1834 Haeo
354 1789 445 1848 regna
461 1770 541 1831 ferro
557 1789 677 1850 quaere,
692 1773 724 1829 in
741 1771 795 1831 bos
810 1768 936 1849 populos
950 1769 1028 1832 serat

204 1874 289 1916 socer
305 1857 495 1926 armatoriis,
512 1855 565 1915 bas
582 1864 631 1916 tuo
647 1862 764 1934 sceptro
780 1863 865 1932 paret
1071 1865 1074 1870 ’

203 1940 359 2018 tradatque
374 1948 487 2018 gentes.
518 1939 576 2000 hoc
591 1939 687 2002 adhuc
702 1957 828 2016 regnum
844 1947 916 2017 puta

190 2033 306 2094 tenere
322 2033 446 2104 patrem.
477 2023 581 2085 melius
597 2023 717 2086 exilium
734 2024 847 2085 esttibi

204 2129 291 2189 quarn
306 2110 419 2170 reditus
434 2111 503 2170 iste:
520 2111 644 2170 crimine
659 2108 754 2170 alieno
771 2107 880 2179 exulan

204 2201 255 2253 tuo
270 2194 391 2255 redibis.
423 2193 529 2254 melius
543 2195 606 2253 istis
621 2193 735 2255 uiribus

204 2297 280 2339 noua
296 2295 388 2354 regna
404 2277 486 2338 nollo
501 2277 615 2338 scelere
630 2277 775 2338 maculata
791 2285 921 2356 appetas.

173 2377 191 2426 h
246 2361 323 2439 Quin
339 2363 401 2440 ipse
416 2363 508 2423 irater
524 2381 606 2423 arma
623 2365 778 2424 comitatus
793 2370 842 2422 tua

203 2447 256 2506 tibi
272 2447 418 2507 militabit.
448 2448 524 2508 uade
540 2455 569 2507 et
582 2448 613 2507 id
627 2447 738 2508 bellum
754 2465 825 2525 gere

202 2535 232 2591 in
248 2550 306 2610 quo
322 2540 406 2609 pater
421 2538 574 2610 materque
591 2534 733 2610 pugnanti
748 2531 800 2592 tibi

203 2617 305 2676 lauare
321 2619 443 2694 possint.
473 2634 565 2694 regna
581 2634 649 2677 cum
665 2615 777 2676 scelere
793 2616 930 2678 omnibus
1015 2619 1019 2625 '

203 2709 273 2760 sunt
287 2700 370 2761 exilis
386 2701 533 2778 grauiora.
564 2718 643 2761 nunc
658 2699 728 2760 belli
742 2699 819 2762 mala

202 2801 337 2863 propone
353 2785 455 2845 dubias
471 2786 573 2844 martis
587 2787 694 2845 incerti
710 2787 800 2845 uices.

140 2865 142 2869 ’
163 2869 190 2928 h'
246 2869 328 2930 Licet
343 2888 430 2929 omne
445 2877 543 2930 tecum
560 2869 701 2930 Graeciae
716 2869 809 2929 robur
824 2870 925 2930 trabas

202 2951 271 3013 licet
286 2971 367 3014 arma
385 2953 471 3031 louge
488 2952 571 3013 miles
586 2971 621 3016 ac
636 2953 694 3014 late
711 2952 836 3032 explicet

187 3213 189 3216 '
269 3209 319 3257 240
337 3210 397 3256 tota
415 3206 440 3256 E
463 3202 475 3272 ss
497 3207 548 3256 245
565 3206 667 3256 hebrus
685 3225 706 3257 oa
725 3223 793 3258 corr.
813 3208 891 3258 Goon.
916 3204 929 3276 ΙΙ
951 3211 1002 3260 249
1021 3211 1125 3261 fauces

203 3273 287 3335 abydi
305 3272 421 3338 (abydos
438 3277 473 3338 ψ)
497 3278 585 3324 seston
609 3276 753 3339 oppositae
772 3276 797 3326 A
832 3276 988 3342 faucesque
1015 3278 1126 3341 abydos

202 3343 277 3389 astos
302 3341 428 3409 opposita
445 3341 471 3390 Ε
507 3337 519 3406 ΙΙ
555 3343 605 3392 250
631 3357 687 3405 qua
706 3360 727 3393 oo
757 3358 829 3406 quae
846 3344 913 3396 R.P.
931 3342 1000 3410 (coil.
1017 3345 1127 3398 Rhodus

202 3404 260 3465 ins.)
290 3403 302 3470 ll
330 3409 440 3471 propius
458 3409 583 3460 aaaron.
611 3405 623 3475 l}
652 3412 702 3461 252
719 3411 775 3460 bic
794 3411 920 3465 ci.Grou.
942 3412 1005 3464 heo
1023 3413 1076 3465 Bo.
1100 3409 1115 3479 ΙΙ

203 3469 253 3538 254
264 3478 343 3532 paret
355 3480 465 3538 sceptro
477 3481 524 3526 tuo
537 3477 562 3526 A
580 3480 627 3526 tuo
640 3493 680 3528 sc.
693 3495 719 3542 p.
733 3479 758 3528 E
775 3475 787 3544 ΙΙ
807 3480 857 3530 2ῠῖ
869 3495 935 3531 usus
949 3481 973 3530 A
992 3481 1057 3532 istis
1070 3481 1097 3530 Ε
1116 3477 1126 3545 ΙΙ

958 3754 975 3790 Ι
