2516 3998
494 211 693 262 PRAEFATIO

156 361 221 421 (ium
234 383 301 418 usus
314 383 376 420 eras
387 369 566 432 humerisque
578 369 633 418 tuis

190 433 262 486 iulia
273 451 292 500 p
305 437 402 487 cinnes
414 441 506 486 tecum
518 437 620 488 cecidit
631 437 739 488 somnus
753 437 845 503 quelia

154 500 303 555 Hasctoris
314 503 386 554 idem
399 505 490 570 patris
502 505 549 568 qui
561 505 616 555 fuit
627 505 729 555 uestita

187 572 296 636 priamo
309 577 417 623 uestros
429 572 537 622 fundite
550 573 630 623 fletus
643 573 712 622 satis

156 667 294 738 Ghoaccip
308 675 383 725 sator
395 672 502 742 phrigia
513 649 623 739 plancius

190 741 288 807 accipe
300 742 381 792 fletus
393 742 437 792 bis
450 745 533 806 capte
545 757 632 792 senex

156 803 206 926 llil1
208 810 295 928 ἓξὲξ
297 808 387 942 :egl
388 813 426 927 0ta
440 825 505 876 rege
518 808 583 859 tulit
595 809 639 860 bis
651 808 758 875 pulsari
770 810 841 860 uidit

156 973 272 1028 Moenus
281 979 356 1029 ferro
367 979 465 1044 bisque
478 977 623 1042 pharetras
635 991 720 1043 passa
731 953 865 1030 hiculsas

189 1050 267 1110 poris
280 1046 353 1097 latos
365 1045 479 1112 haecuba
491 1051 586 1111 partus
598 1061 627 1096 rs
642 1084 647 1096 .
663 1084 668 1097 .
686 1085 691 1097 .
707 1083 713 1097 .
727 1044 748 1110 ⁴)

155 1108 301 1165 Postrema
313 1119 393 1180 paler
403 1115 504 1164 funera
517 1113 604 1164 cludis
618 1151 799 1165 .........

191 1181 384 1246 coelsuiliguea
396 1182 497 1247 premis
511 1181 596 1232 litter
609 1197 625 1231 a
638 1181 659 1246 5)
675 1218 791 1232 ......

156 1243 237 1299 Haec
251 1249 307 1300 alio
320 1241 451 1300 lacrimas
463 1249 566 1301 flectite
580 1248 643 1300 iiras
656 1264 710 1299 nou
724 1254 766 1300 est
778 1266 795 1314 p
809 1288 814 1300 .
831 1287 837 1300 .
854 1288 859 1300 .
875 1287 882 1302 .

191 1317 349 1368 miseranda
361 1333 404 1368 me
417 1333 489 1368 mors
501 1317 601 1367 iliades
612 1317 680 1367 felix
692 1317 791 1382 priami

156 1380 250 1434 llicita
265 1389 364 1435 cuncis
377 1385 449 1435 liber
461 1401 556 1435 manes
568 1385 648 1436 usdii
660 1385 696 1434 ad
708 1385 778 1436 imos

191 1451 249 1503 Nec
262 1454 335 1503 feret
345 1467 475 1518 umquam
487 1453 564 1503 uicta
576 1467 691 1518 granum
705 1453 815 1504 ceruice
828 1453 895 1518 iugi

156 1515 216 1571 Non
228 1519 276 1570 illc
288 1520 357 1571 duos
369 1521 445 1572 uidet
456 1520 563 1572 triades
575 1536 627 1570 nac
640 1520 772 1572 fallacem

191 1587 280 1638 cernit
291 1588 386 1638 ulixen
398 1605 453 1640 non
465 1589 583 1654 argolici
594 1587 648 1654 fida
660 1588 793 1655 triumphi

157 1649 292 1708 Subiecta
304 1657 377 1708 feret
389 1656 462 1707 colla
474 1657 578 1720 trcpeis
590 1671 646 1707 nou
659 1655 695 1704 ad
708 1660 819 1722 sceptra

190 1771 289 1808 manus
303 1758 498 1824 potergadabit
510 1773 591 1823 agam
603 1731 744 1808 me¹¹n0nioa
758 1771 843 1806 aurea

193 1824 291 1876 dextra
302 1826 415 1876 uincula
428 1827 494 1875 latis
506 1824 555 1878 fiet
566 1839 665 1891 pompa
677 1824 794 1875 micenis

158 1887 286 1944 Chofelix
297 1895 420 1959 priamus
432 1893 548 1943 dicimus
562 1909 655 1944 omnes
668 1907 762 1942 secum
775 1890 912 1943 excedens

192 1975 243 2019 sua
255 1976 342 2026 regna
355 1961 418 2010 tulit
433 1977 505 2012 nuuc
518 1964 548 2012 et
561 1961 687 2024 lysumen
699 1960 773 2010 horis
788 1961 854 2010 tutia

194 2033 268 2078 errat
280 2029 309 2079 in
322 2029 426 2079 umbris
439 2027 538 2092 inique
554 2029 615 2093 pias
627 2029 696 2079 felix
710 2029 817 2078 animas
830 2027 881 2094 hcc

194 2097 349 2161 turaquerit
362 2095 431 2146 felix
443 2097 565 2162 priamus
579 2095 648 2146 felix
661 2095 787 2161 quisquis
800 2095 873 2146 bello

193 2164 312 2214 moriens
325 2163 416 2214 omnia
429 2177 522 2214 secum
533 2168 694 2229 consumpta
706 2163 782 2213 tulit.

317 2295 407 2331 mir.
420 2296 526 2332 rmus
538 2297 575 2332 lix
587 2295 750 2332 unicornis
762 2295 881 2332 nunnus.

160 2379 297 2438 Ghonulla
309 2383 352 2433 uis
365 2383 443 2434 fleme
457 2384 556 2434 tumidi
569 2383 662 2435 euanti
674 2387 754 2432 tanta

195 2456 279 2500 necta
291 2450 359 2501 lima
371 2450 476 2502 ueudat
488 2456 593 2515 quauta
607 2453 641 2500 cir
653 2451 734 2500 iiunx
747 2447 862 2499 uiduata

196 2518 274 2570 ardet
287 2523 315 2568 et
328 2518 386 2568 odit
399 2534 454 2568 non
466 2518 515 2568 ubi
528 2518 657 2569 hibernos
670 2516 813 2566 nubilosus
826 2515 928 2566 imbres

160 2583 262 2637 Auster
274 2585 353 2636 duxit
364 2591 485 2652 pperata
496 2585 583 2636 hister
597 2589 625 2634 et
638 2587 753 2635 cunctos
765 2583 855 2634 uitale

196 2668 322 2720 acuagus
335 2659 397 2704 erat
408 2669 463 2705 non
475 2653 524 2702 ubi
536 2651 617 2770 pulglit
629 2653 748 2704 rodanus
760 2651 894 2716 piundum

502 2721 577 2772 ioli
606 2726 690 2774 recto.

196 2794 245 2839 aut
257 2789 309 2840 ubi
317 2789 346 2839 in
358 2790 434 2841 riuos
446 2789 556 2840 niuibus
569 2788 665 2840 solutis
678 2789 794 2840 soleiam
806 2786 906 2850 forlsssl

193 2857 338 2920 medioque
350 2873 416 2908 uera
619 2857 831 2908 tabuitiliamis.

158 2919 265 2978 Caecus
279 2921 318 2975 ui·
332 2925 406 2990 ignis
418 2924 575 2975 stimulatus
587 2927 630 2975 ira
641 2939 694 2975 nec
706 2925 766 2990 regi
778 2925 852 2976 iurat

193 2993 300 3058 patitur
312 2991 442 3044 nefrencs
456 2998 503 3043 aut
515 2994 595 3042 timet
606 2997 722 3043 moriam
735 2993 829 3058 cupii
837 2989 859 3052 ⁷)

193 3061 232 3109 irs
246 3063 275 3110 in
288 3060 364 3126 ipsos
378 3059 429 3110 cho
442 3060 540 3111 obuius
553 3076 643 3113 enses.
678 3075 714 3110 ux
731 3062 845 3111 sonrirr
858 3051 907 3111 ῐῖ.

156 3124 254 3180 Effusa
267 3127 394 3178 redimite
408 3143 540 3179 commam
553 3133 669 3179 natanta
683 3129 804 3179 corimbo

192 3195 334 3246 mollianis
348 3196 389 3246 eis
401 3201 524 3246 armatus
537 3196 653 3247 brachia

191 3381 219 3444 4)
242 3389 360 3432 eaelrema
381 3384 468 3433 luorum
491 3399 533 3435 uu.
552 3383 630 3432 uerba
650 3383 783 3446 absumpta
800 3384 872 3444 piceo
895 3383 1002 3446 unquiue

121 3447 247 3568 winetre
264 3464 281 3500 a
298 3453 405 3504 incerta.
476 3450 502 3514 6)
519 3465 588 3502 corr.
607 3465 643 3500 eae
659 3450 725 3500 forti
794 3447 820 3513 i)
835 3450 912 3522 cupit
922 3451 948 3500 in
960 3465 1014 3505 ras.
1024 3467 1069 3502 ea·
