2526 3986
178 185 220 250 84
459 197 490 243 n.
507 196 639 244 nurum
655 193 813 244 suuucns

177 339 281 400 haeret
295 337 411 417 palude.
441 335 507 397 tatis
523 343 566 396 est
582 336 664 396 dirae
680 335 777 414 Stygis

179 424 321 486 deformis
337 423 416 483 unda
432 440 506 500 quae
523 421 592 482 iacit
608 420 689 482 eaelo
706 421 804 480 fidem.

143 519 186 543 ’”·
220 509 274 569 Hie
290 515 378 568 noete
394 525 481 568 caeca
497 524 616 584 gemere
632 504 732 566 feralis
747 505 819 564 deos

178 594 255 654 iama
271 600 330 661 est,
348 592 460 653 eatenis
475 591 559 652 lucus
575 591 706 652 excussis
722 598 808 650 sonat

177 676 350 757 ululantque
366 694 478 739 manes.
511 676 651 754 quicquid
668 675 771 735 audire
787 681 831 736 est
845 682 952 742 metus,

151 791 153 794 ·
176 763 238 824 iilic
252 763 385 823 uidetur:
402 768 483 822 errat
499 762 626 839 antiquis
642 769 727 821 uetus

178 849 284 908 emissa
300 847 393 908 bustis
409 846 496 908 turba
513 854 542 906 et
557 844 698 906 insultant
712 843 778 906 loco

179 934 292 993 maiora
310 934 387 991 notis
403 939 549 998 monstra,
567 932 637 1008 quin
654 937 714 991 tota
730 927 806 991 solet

177 1018 289 1078 micare
306 1016 381 1077 silua
396 1015 514 1078 flamma
530 1024 559 1076 et
574 1014 707 1076 excelsae
722 1015 823 1074 trabes

178 1106 282 1164 ardent
298 1103 362 1162 sine
378 1103 454 1180 igne.
487 1119 575 1179 saepe
591 1098 698 1160 latratu
714 1117 820 1160 nemus

178 1187 258 1246 trino
274 1189 410 1265 remugit,
427 1204 515 1264 saepe
530 1183 696 1245 simulacris
711 1185 816 1246 domus

179 1273 301 1331 attonita
316 1273 441 1349 magnis.

473 1355 535 1416 Neo
550 1355 613 1415 dies
627 1354 712 1416 sedat
726 1361 847 1424 metum,

99 1439 102 1450 “
179 1460 238 1501 uox
254 1441 375 1520 propria
391 1438 457 1500 luco
474 1448 518 1500 est
533 1447 562 1500 et
577 1439 747 1517 superstitio
762 1440 889 1500 inferum

177 1526 208 1584 in
225 1525 290 1585 luce
305 1525 404 1585 media
419 1533 532 1604 regnat.
562 1525 632 1584 hinc
648 1523 800 1585 orantibus

178 1629 324 1689 responsa
339 1610 447 1670 dantur
464 1619 553 1678 certa,
569 1627 636 1670 cum
653 1611 765 1689 ingenti
780 1627 854 1670 sono

157 1723 160 1728 ·
177 1694 313 1756 laxantur
328 1695 414 1774 adyto
430 1695 488 1756 iata
504 1702 534 1756 et
547 1696 673 1773 inmugit
688 1713 795 1773 specus

179 1795 284 1842 uocem
299 1781 355 1842 deo
371 1779 515 1842 soluente.
546 1798 605 1859 quo
621 1788 776 1859 postquam
793 1780 895 1840 furens

179 1867 304 1926 intrauit
319 1867 426 1925 Atreus
441 1864 552 1926 liberos
566 1866 668 1926 iratris
682 1863 822 1925 trahens:

180 1957 325 2009 ornantur
341 1968 419 2010 arae.
449 1952 515 2030 quis
529 1959 619 2030 queat
634 1950 724 2028 digne
740 1949 857 2028 eloqui?

145 2029 170 2086 d'
224 2034 294 2094 Post
308 2041 392 2113 terga
405 2036 546 2096 iuuenum
563 2034 677 2096 nobiles
692 2042 815 2096 reuocat
830 2053 934 2096 manus

178 2126 206 2179 et
221 2125 330 2179 maesta
346 2121 418 2180 uitta
433 2121 528 2199 capita
544 2137 696 2198 purpurea
711 2119 791 2198 ligat.

177 2221 235 2263 non
253 2210 318 2264 tura
334 2204 448 2275 desunt,
466 2223 526 2266 non
542 2223 626 2266 sacer
641 2204 746 2266 bacehi
761 2202 859 2284 liquor

177 2296 341 2367 tangensue
357 2289 421 2351 iusa
436 2291 585 2351 uictimam
602 2289 696 2350 culter
712 2288 798 2349 moia.

176 2380 313 2434 seruatur
329 2376 425 2435 omnis
442 2376 531 2446 ordo,
547 2393 584 2434 ne
600 2381 713 2435 tantum
730 2375 813 2435 nefas

175 2476 235 2519 non
251 2461 307 2520 rite
322 2460 381 2521 frat.

176 2556 281 2605 cnon.
425 2547 491 2624 quis
505 2563 625 2606 manum
642 2545 723 2606 ferro
740 2544 898 2606 admouet?

175 2641 279 2688 NVNT.
309 2631 373 2706 ipse
390 2638 434 2690 est
449 2631 683 2714 sacerdos-ipse
698 2631 815 2690 funesta
831 2648 919 2708 prece

178 2709 266 2773 letale
282 2731 401 2774 carmen
418 2732 470 2775 ore
486 2715 617 2775 uiolento
634 2717 721 2775 canit.

143 2817 158 2850 e
222 2797 285 2858 Stat
300 2800 363 2876 ipse
380 2799 416 2858 acl
432 2817 513 2870 aras,
530 2801 594 2878 ipse
611 2800 735 2860 deuotos
751 2800 817 2860 neci

177 2889 341 2943 contrectat
357 2891 386 2944 et
401 2887 543 2963 conponit
558 2892 587 2945 et
602 2885 683 2945 ferro
699 2884 846 2954 admouet,

175 2969 298 3029 attendit
312 2970 391 3046 ipse:
414 2969 492 3029 nulia
509 2987 577 3047 pars
594 2972 670 3032 sacri
688 2971 773 3049 perit.

174 3051 258 3114 lucus
275 3056 432 3122 tremescit,
449 3061 511 3114 tota
526 3071 665 3116 succusso
681 3053 744 3114 solo

177 3188 323 3197 ———-—.-

216 3291 220 3296 ·
242 3275 293 3326 668
310 3278 392 3325 nocte
411 3277 509 3326 totaA
528 3292 553 3328 n.
574 3291 640 3342 ceca
658 3276 684 3325 Ε
707 3272 719 3340 ΙΙ
742 3277 792 3326 672
811 3275 871 3325 ioco
889 3275 915 3325 E
941 3275 1004 3325 ioco
1023 3277 1049 3326 A
1071 3273 1084 3342 ΙΙ
1232 3199 1234 3350 1

174 3340 285 3390 flemme
303 3342 383 3405 syloa
401 3344 426 3392 Α
446 3344 519 3393 silue
538 3345 563 3392 ii.
581 3343 607 3393 Ε
635 3340 646 3408 ΙΙ
675 3345 725 3394 685
744 3348 860 3393 reuocat
878 3344 904 3394 Α
931 3344 1033 3408 religat
1050 3345 1094 3394 Re
1232 3351 1233 3356 ’

109 3419 114 3440 ³
174 3409 291 3458 renodat
308 3427 350 3458 un.
369 3426 404 3460 eo·
416 3412 474 3460 Pal.
499 3408 511 3476 il
540 3413 590 3462 688
608 3411 672 3462 fuse
690 3419 713 3474 ψ
733 3412 868 3462 salseAe
887 3408 899 3478 ΙΙ
923 3414 974 3462 695
993 3427 1095 3462 acceu-

175 3473 217 3521 dit
236 3489 254 3521 α
278 3476 398 3524 attendit
417 3479 517 3526 nent.
533 3481 614 3543 (imp
638 3476 649 3544 ΙΙ
