2516 3998
131 1095 146 1128 Θ

127 1407 151 1464 e!

134 1844 148 1892 f

125 2338 152 2396 f.

164 231 205 293 14
436 247 467 293 n.
492 245 624 292 nnnrnr
648 243 804 291 sennenn

163 385 289 445 iortasse
306 385 406 452 iactet,
423 385 543 445 sordido
560 385 704 463 premitur
720 385 788 460 ingo

166 467 304 555 [cadmeo
316 473 420 546 proies
434 474 624 544 civitasque
634 471 811 544 Amphionis

163 573 305 630 quorsum
320 557 496 616 excidistis?
519 557 646 614 tremitis
661 558 803 628 iquorum
819 554 938 612 exulem

161 643 224 700 suis
240 642 530 713 commembribus,
547 642 658 699 nostris
671 641 819 712 prooem?
978 709 980 714 Ι

163 728 216 799 qui
228 727 345 784 scelera
360 732 445 784 terro
461 728 571 798 quique
579 727 779 798 prosequitur
793 727 874 782 muri

164 827 202 869 uc
217 827 312 870 saeuo
328 812 408 869 iustu
422 816 545 884 sceptro
560 808 731 881 confriuqit
744 824 845 880 muuu,

161 913 244 955 nunc
259 896 353 954 seruit
369 895 476 954 absens
487 894 611 967 fertque
627 909 705 967 quue
716 891 801 964 ferri
815 886 909 972 uetat]

164 984 330 1056 tenetque
347 977 496 1038 Thebas
513 975 581 1037 exul
597 974 750 1036 herculeas
765 975 870 1053 Lycus,

208 1061 265 1120 Sed
284 1081 342 1120 non
363 1062 517 1122 tenebit..
547 1062 642 1121 aderit
658 1068 689 1120 nt
704 1078 814 1138 poenas
831 1067 910 1137 petet

163 1145 336 1224 subitusque
353 1146 389 1206 ad
405 1155 483 1206 astra
500 1153 675 1222 emerget.
704 1146 836 1205 inueniet
851 1147 946 1204 niam

164 1238 213 1289 eut
230 1232 323 1290 iactet.
353 1231 431 1291 adsis
448 1249 549 1309 sospes
566 1242 595 1290 et
610 1247 753 1290 remees
769 1247 876 1307 precor

165 1315 343 1394 tandemque
358 1317 459 1376 uenias
475 1319 571 1374 uictor
588 1315 623 1375 ad
639 1317 746 1374 nietam
763 1315 892 1373 domum.

206 1413 290 1474 nno,
320 1401 473 1476 Emerge
490 1402 616 1459 coniunx
633 1397 881 1477 atquedispnisas
897 1415 985 1458 manu

164 1483 309 1562 abrumpe
326 1483 471 1544 tenebras.
496 1483 575 1544 nnita
592 1486 615 1541 si
633 1492 713 1543 retro
730 1485 787 1542 uia

163 1570 278 1647 iterque
294 1568 405 1628 clusum
423 1576 475 1636 est,
493 1569 566 1628 orbe
583 1569 701 1649 diducto
718 1569 799 1628 redi

164 1662 194 1712 et
209 1654 350 1732 quioquid
366 1660 428 1713 atra
446 1661 531 1714 nocte
546 1671 716 1732 possessum
732 1653 813 1722 latet,

164 1740 264 1798 emitte
280 1746 387 1799 tecum.
706 1767 710 1772 ·

410 1822 520 1882 Dirutis
536 1820 657 1899 qualis
673 1825 750 1900 iugis

164 1924 307 1985 praeceps
323 1908 409 1965 citato
425 1906 540 1966 flumini
556 1926 702 1984 quaerens
717 1910 772 1966 iter

165 1991 313 2068 qnondam
331 1993 443 2058 stetisti,
460 1993 550 2050 scissa
566 2010 633 2051 cnm
649 2001 733 2053 nasto
750 1994 861 2068 impetn

165 2083 289 2150 patuere
304 2074 425 2153 Tempe,
443 2087 563 2152 pectore
579 2076 713 2152 inpulsus
729 2084 780 2135 too

165 2161 224 2219 huc
240 2176 325 2219 mons
342 2166 370 2218 et
385 2158 454 2220 illuc
470 2161 577 2220 cecidit
593 2170 621 2221 et
637 2179 675 2220 ru
686 2167 747 2237 pto
763 2178 871 2238 aggere
914 2231 917 2238 .

166 2262 242 2303 nona
258 2245 389 2303 cucurrit
402 2243 547 2305 thessalus
563 2253 679 2305 torrens
696 2249 758 2305 nie:

208 2327 305 2388 Talis
321 2336 458 2405 parentes
473 2329 585 2390 liberos
601 2335 722 2406 patriam
739 2339 851 2407 petens,

165 2431 318 2491 erumpe
334 2430 434 2473 rernm
450 2415 593 2473 terminos
610 2424 706 2474 tecum
724 2415 848 2474 efferens
920 2444 924 2454 ι

231 2652 364 2698 272-277
383 2624 440 2698 irinc
457 2651 624 2701 remouendos
642 2654 728 2709 censeri
750 2647 761 2716 Η
784 2653 833 2701 272
853 2655 911 2712 atq]
924 2651 1077 2715 ophyonius

164 2717 234 2765 cinis
247 2716 272 2764 Ε
286 2718 311 2765 V
327 2718 364 2778 (in
377 2734 425 2782 quo
438 2719 577 2780 ophinius)
592 2726 615 2768 et
628 2723 665 2767 sic
674 2721 733 2781 sere
746 2727 769 2780 ψ
788 2719 857 2767 cinis
870 2727 954 2782 atque
973 2717 1077 2782 Ophio-

163 2786 225 2842 nius
239 2799 257 2832 or
277 2784 431 2847 amphionis
445 2786 467 2834 R
473 2789 506 2833 14
521 2785 544 2835 Τ
565 2785 737 2850 amphionius
751 2787 811 2834 Bit
832 2786 902 2834 einis
916 2791 1000 2848 atque
1012 2788 1074 2836 Am·
1167 2799 1169 2812 ·

128 2877 130 2880 ·
161 2851 271 2916 phionis
290 2851 409 2901 Obtoneu.
430 2840 606 2916 ciuitasqbe
624 2854 784 2918 Amphionis
802 2854 877 2902 DHs.
907 2850 919 2918 Η
946 2855 995 2904 273
1015 2855 1075 2915 Quo

163 2919 307 2968 decidistis
326 2920 360 2986 ²4,
388 2919 515 2981 Quotren.
542 2919 572 2982 (r
590 2925 615 2970 in
638 2921 703 2982 ros.)
722 2921 759 2970 Ε2
793 2921 852 2982 Quo
877 2921 928 2970 hoc
952 2937 1012 2970 sum
1035 2924 1078 2970 uei

163 2988 223 3049 Quo
235 2987 285 3036 hor
301 3003 358 3036 sum
371 2988 511 3037 excidistis
528 2989 556 3037 V
569 2992 676 3040 correrii
694 2985 706 3055 Η
725 2989 891 3053 ignauumA
911 2991 920 3036 i
942 3004 1038 3038 narum
1050 2987 1077 3036 Ε

161 3039 327 3118 ΗῘθῘῙίΞη]
350 3055 375 3102 V
402 3051 419 3119 Η
441 3057 490 3106 275
509 3057 683 3122 persequitur
701 3057 752 3108 ΑΕ
775 3071 848 3120 pros,
866 3057 891 3104 V
916 3005 1031 3121 ΗΜΘ
1048 3059 1076 3104 in

161 3125 232 3171 meri
249 3131 367 3173 mutatum
384 3121 418 3170 E¹
444 3119 455 3188 Η
484 3127 532 3174 276
552 3125 741 3190 confringitE
760 3123 942 3173 Ottoboniunus
966 3124 1075 3173 conire-

162 3192 203 3254 git
221 3191 277 3239 AV
299 3189 310 3258 Η
333 3191 381 3239 277
400 3191 467 3240 ferri
485 3195 630 3258 eDeirioni
652 3192 712 3241 fieri
727 3191 776 3240 VA
799 3187 811 3256 Η
841 3193 891 3240 279
909 3195 939 3238 nt
957 3207 982 3256 p.
997 3197 1079 3255 petat

166 3259 190 3305 V
208 3263 236 3308 et
247 3263 371 3326 p‚„petet
383 3260 421 3316 εΑ
443 3255 455 3324 Η
476 3263 525 3310 278
537 3261 638 3324 hospes
650 3269 673 3321 ap
694 3256 705 3325 Η
726 3275 824 3323 precor
835 3257 932 3307 nonis
948 3261 1003 3319 tuis
1014 3260 1038 3308 Α
1052 3256 1075 3323 Η-

166 3324 215 3374 283
232 3325 312 3376 MEG
333 3325 356 3374 E
372 3327 426 3380 Me.
450 3327 478 3374 V
491 3344 537 3377 om.
551 3329 576 3376 Α
646 3328 787 3392 dispulsas
800 3326 866 3376 Eoo
882 3343 948 3376 unus
966 3327 1075 3377 Christi·

161 3407 210 3439 noe
228 3393 258 3440 ui
275 3393 369 3456 pulses
385 3393 410 3440 V
426 3393 555 3458 depulsas
568 3396 593 3444 A
640 3397 690 3444 284
708 3395 847 3457 tenebras)
861 3398 964 3459 priuse
983 3398 1077 3446 iri-ras.

161 3457 188 3506 E
216 3451 227 3520 Η
257 3464 328 3510 retro
347 3462 372 3508 E
389 3463 477 3512 uetito
500 3464 549 3512 VA
574 3460 585 3528 Η
614 3465 664 3513 285
681 3464 812 3526 Interque
829 3480 872 3526 pr.
885 3479 916 3512 m.
941 3459 1066 3524 Viturii

163 3526 213 3574 288
231 3524 340 3574 lurmini
352 3528 479 3589 quierens
489 3531 514 3578 E
530 3528 541 3594 Η
557 3533 608 3580 294
621 3531 737 3580 efferens
750 3530 1038 3592 EtiEVrt‘afferensA
1052 3527 1066 3595 Η
