<?xml version="1.0" encoding="UTF-8"?>
<!DOCTYPE html PUBLIC "-//W3C//DTD XHTML 1.0 Transitional//EN"
    "http://www.w3.org/TR/xhtml1/DTD/xhtml1-transitional.dtd">
<html xmlns="http://www.w3.org/1999/xhtml" xml:lang="en" lang="en">
 <head>
  <title>
</title>
<meta http-equiv="Content-Type" content="text/html;charset=utf-8" />
  <meta name='ocr-system' content='tesseract 3.04.00' />
  <meta name='ocr-capabilities' content='ocr_page ocr_carea ocr_par ocr_line ocrx_word'/>
</head>
<body>
  <div class='ocr_page' id='page_1' title='image "./lannaeisenecaet06senegoog_0206.png"; bbox 0 0 2502 3978; ppageno 0'>
   <div class='ocr_carea' id='block_1_1' title="bbox 520 207 687 255">
    <p class='ocr_par' dir='ltr' id='par_1_1' title="bbox 520 207 687 255">
     <span class='ocr_line' id='line_1_1' title="bbox 520 207 687 255; baseline -0.012 0"><span class='ocrx_word' id='word_1_1' title='bbox 520 207 687 255; x_wconf 77' lang='lat' dir='ltr'><strong>PHAEDRA</strong></span> 
     </span>
    </p>
   </div>
   <div class='ocr_carea' id='block_1_2' title="bbox 140 347 805 852">
    <p class='ocr_par' dir='ltr' id='par_1_2' title="bbox 140 347 805 852">
     <span class='ocr_line' id='line_1_2' title="bbox 140 347 747 430; baseline -0.008 -18"><span class='ocrx_word' id='word_1_2' title='bbox 140 369 201 412; x_wconf 89' lang='lat' dir='ltr'><strong>non</strong></span> <span class='ocrx_word' id='word_1_3' title='bbox 218 367 300 410; x_wconf 87' lang='lat' dir='ltr'><strong>arma</strong></span> <span class='ocrx_word' id='word_1_4' title='bbox 316 367 405 430; x_wconf 86' lang='lat' dir='ltr'><strong>saeua</strong></span> <span class='ocrx_word' id='word_1_5' title='bbox 422 348 507 409; x_wconf 83' lang='lat' dir='ltr'><strong>mites</strong></span> <span class='ocrx_word' id='word_1_6' title='bbox 523 347 643 426; x_wconf 87' lang='lat' dir='ltr'><strong>aptabat</strong></span> <span class='ocrx_word' id='word_1_7' title='bbox 658 365 747 407; x_wconf 81' lang='lat' dir='ltr'><strong>niano</strong></span> 
     </span>
     <span class='ocr_line' id='line_1_3' title="bbox 140 432 754 510; baseline -0.011 -13"><span class='ocrx_word' id='word_1_8' title='bbox 140 454 198 496; x_wconf 90' lang='lat' dir='ltr'><strong>nec</strong></span> <span class='ocrx_word' id='word_1_9' title='bbox 214 443 291 494; x_wconf 92' lang='lat' dir='ltr'><strong>torta</strong></span> <span class='ocrx_word' id='word_1_10' title='bbox 308 433 421 494; x_wconf 86' lang='lat' dir='ltr'><strong>clausas</strong></span> <span class='ocrx_word' id='word_1_11' title='bbox 437 434 568 510; x_wconf 74' lang='lat' dir='ltr'><strong>fregerat</strong></span> <span class='ocrx_word' id='word_1_12' title='bbox 582 450 653 493; x_wconf 83' lang='lat' dir='ltr'><strong>saxo</strong></span> <span class='ocrx_word' id='word_1_13' title='bbox 669 432 754 509; x_wconf 79' lang='lat' dir='ltr'><strong>graui</strong></span> 
     </span>
     <span class='ocr_line' id='line_1_4' title="bbox 140 516 805 597; baseline -0.011 -16"><span class='ocrx_word' id='word_1_14' title='bbox 140 518 257 581; x_wconf 84' lang='lat' dir='ltr'><strong>ballista</strong></span> <span class='ocrx_word' id='word_1_15' title='bbox 272 527 383 597; x_wconf 84' lang='lat' dir='ltr'><strong>portas.</strong></span> <span class='ocrx_word' id='word_1_16' title='bbox 414 519 491 578; x_wconf 90' lang='lat' dir='ltr'><strong>iussa</strong></span> <span class='ocrx_word' id='word_1_17' title='bbox 507 536 563 578; x_wconf 88' lang='lat' dir='ltr'><strong>nec</strong></span> <span class='ocrx_word' id='word_1_18' title='bbox 578 518 729 578; x_wconf 88' lang='lat' dir='ltr'><strong>dominum</strong></span> <span class='ocrx_word' id='word_1_19' title='bbox 745 516 805 596; x_wconf 90' lang='lat' dir='ltr'><strong>pati</strong></span> 
     </span>
     <span class='ocr_line' id='line_1_5' title="bbox 141 601 751 665; baseline -0.007 0"><span class='ocrx_word' id='word_1_20' title='bbox 141 607 244 665; x_wconf 91' lang='lat' dir='ltr'><strong>iuncto</strong></span> <span class='ocrx_word' id='word_1_21' title='bbox 261 601 377 664; x_wconf 89' lang='lat' dir='ltr'><strong>ferebat</strong></span> <span class='ocrx_word' id='word_1_22' title='bbox 392 609 472 662; x_wconf 90' lang='lat' dir='ltr'><strong>terra</strong></span> <span class='ocrx_word' id='word_1_23' title='bbox 487 603 642 664; x_wconf 88' lang='lat' dir='ltr'><strong>seruitium</strong></span> <span class='ocrx_word' id='word_1_24' title='bbox 658 601 751 662; x_wconf 90' lang='lat' dir='ltr'><strong>boue:</strong></span> 
     </span>
     <span class='ocr_line' id='line_1_6' title="bbox 142 685 753 766; baseline -0.008 -16"><span class='ocrx_word' id='word_1_25' title='bbox 142 690 195 750; x_wconf 89' lang='lat' dir='ltr'><strong>sed</strong></span> <span class='ocrx_word' id='word_1_26' title='bbox 211 707 283 749; x_wconf 87' lang='lat' dir='ltr'><strong>arua</strong></span> <span class='ocrx_word' id='word_1_27' title='bbox 299 706 353 766; x_wconf 88' lang='lat' dir='ltr'><strong>per</strong></span> <span class='ocrx_word' id='word_1_28' title='bbox 368 705 400 748; x_wconf 86' lang='lat' dir='ltr'><strong>se</strong></span> <span class='ocrx_word' id='word_1_29' title='bbox 416 687 493 748; x_wconf 89' lang='lat' dir='ltr'><strong>foeta</strong></span> <span class='ocrx_word' id='word_1_30' title='bbox 509 694 665 766; x_wconf 86' lang='lat' dir='ltr'><strong>poscentes</strong></span> <span class='ocrx_word' id='word_1_31' title='bbox 680 685 753 745; x_wconf 84' lang='lat' dir='ltr'>nihil</span> 
     </span>
     <span class='ocr_line' id='line_1_7' title="bbox 141 770 695 852; baseline -0.007 -17"><span class='ocrx_word' id='word_1_32' title='bbox 141 791 254 852; x_wconf 87' lang='lat' dir='ltr'><strong>pauere</strong></span> <span class='ocrx_word' id='word_1_33' title='bbox 270 781 388 850; x_wconf 75' lang='lat' dir='ltr'><strong>genteS,</strong></span> <span class='ocrx_word' id='word_1_34' title='bbox 405 770 477 832; x_wconf 90' lang='lat' dir='ltr'><strong>sifna</strong></span> <span class='ocrx_word' id='word_1_35' title='bbox 494 773 608 832; x_wconf 89' lang='lat' dir='ltr'><strong>natiuas</strong></span> <span class='ocrx_word' id='word_1_36' title='bbox 623 788 695 849; x_wconf 90' lang='lat' dir='ltr'><strong>opes</strong></span> 
     </span>
    </p>
   </div>
   <div class='ocr_carea' id='block_1_3' title="bbox 95 856 1012 2795">
    <p class='ocr_par' dir='ltr' id='par_1_3' title="bbox 95 856 1012 2795">
     <span class='ocr_line' id='line_1_8' title="bbox 142 856 798 935; baseline -0.008 -16"><span class='ocrx_word' id='word_1_37' title='bbox 142 868 173 919; x_wconf 85' lang='lat' dir='ltr'><strong>et</strong></span> <span class='ocrx_word' id='word_1_38' title='bbox 189 875 279 935; x_wconf 85' lang='lat' dir='ltr'><strong>opaca</strong></span> <span class='ocrx_word' id='word_1_39' title='bbox 297 857 441 918; x_wconf 85' lang='lat' dir='ltr'><strong>dederant</strong></span> <span class='ocrx_word' id='word_1_40' title='bbox 456 865 540 916; x_wconf 86' lang='lat' dir='ltr'><strong>antra</strong></span> <span class='ocrx_word' id='word_1_41' title='bbox 556 857 670 917; x_wconf 81' lang='lat' dir='ltr'><strong>natiuae</strong></span> <span class='ocrx_word' id='word_1_42' title='bbox 686 856 798 916; x_wconf 88' lang='lat' dir='ltr'><strong>domos.</strong></span> 
     </span>
     <span class='ocr_line' id='line_1_9' title="bbox 95 941 728 1019; baseline -0.003 -18"><span class='ocrx_word' id='word_1_43' title='bbox 95 943 133 1001; x_wconf 85' lang='lat' dir='ltr'><strong>m&#39;</strong></span> <span class='ocrx_word' id='word_1_44' title='bbox 188 943 307 1019; x_wconf 87' lang='lat' dir='ltr'><strong>Rupere</strong></span> <span class='ocrx_word' id='word_1_45' title='bbox 323 941 427 1002; x_wconf 86' lang='lat' dir='ltr'><strong>foedus</strong></span> <span class='ocrx_word' id='word_1_46' title='bbox 442 942 539 1018; x_wconf 81' lang='lat' dir='ltr'><strong>inpius</strong></span> <span class='ocrx_word' id='word_1_47' title='bbox 555 941 631 1001; x_wconf 90' lang='lat' dir='ltr'><strong>lucri</strong></span> <span class='ocrx_word' id='word_1_48' title='bbox 646 941 728 1000; x_wconf 88' lang='lat' dir='ltr'><strong>furor</strong></span> 
     </span>
     <span class='ocr_line' id='line_1_10' title="bbox 144 1026 794 1106; baseline -0.008 -18"><span class='ocrx_word' id='word_1_49' title='bbox 144 1036 174 1088; x_wconf 86' lang='lat' dir='ltr'><strong>et</strong></span> <span class='ocrx_word' id='word_1_50' title='bbox 189 1028 231 1088; x_wconf 85' lang='lat' dir='ltr'><strong>ira</strong></span> <span class='ocrx_word' id='word_1_51' title='bbox 248 1044 393 1106; x_wconf 83' lang='lat' dir='ltr'><strong>praeceps</strong></span> <span class='ocrx_word' id='word_1_52' title='bbox 409 1033 545 1104; x_wconf 83' lang='lat' dir='ltr'><strong>quaeque</strong></span> <span class='ocrx_word' id='word_1_53' title='bbox 561 1043 718 1086; x_wconf 86' lang='lat' dir='ltr'><strong>succensas</strong></span> <span class='ocrx_word' id='word_1_54' title='bbox 734 1026 794 1101; x_wconf 84' lang='lat' dir='ltr'><strong>agit</strong></span> 
     </span>
     <span class='ocr_line' id='line_1_11' title="bbox 142 1111 699 1189; baseline -0.007 -17"><span class='ocrx_word' id='word_1_55' title='bbox 142 1112 235 1172; x_wconf 89' lang='lat' dir='ltr'><strong>libido</strong></span> <span class='ocrx_word' id='word_1_56' title='bbox 252 1120 381 1181; x_wconf 78' lang='lat' dir='ltr'>mentes,</span> <span class='ocrx_word' id='word_1_57' title='bbox 407 1113 489 1172; x_wconf 89' lang='lat' dir='ltr'><strong>uenit</strong></span> <span class='ocrx_word' id='word_1_58' title='bbox 502 1111 622 1189; x_wconf 85' lang='lat' dir='ltr'><strong>imperii</strong></span> <span class='ocrx_word' id='word_1_59' title='bbox 636 1111 699 1170; x_wconf 88' lang='lat' dir='ltr'><strong>sitis</strong></span> 
     </span>
     <span class='ocr_line' id='line_1_12' title="bbox 143 1195 778 1274; baseline -0.006 -17"><span class='ocrx_word' id='word_1_60' title='bbox 143 1206 283 1267; x_wconf 87' lang='lat' dir='ltr'><strong>cruenta,</strong></span> <span class='ocrx_word' id='word_1_61' title='bbox 309 1197 404 1256; x_wconf 86' lang='lat' dir='ltr'><strong>factus</strong></span> <span class='ocrx_word' id='word_1_62' title='bbox 418 1195 529 1274; x_wconf 85' lang='lat' dir='ltr'><strong>praeda</strong></span> <span class='ocrx_word' id='word_1_63' title='bbox 546 1195 650 1255; x_wconf 87' lang='lat' dir='ltr'><strong>maiori</strong></span> <span class='ocrx_word' id='word_1_64' title='bbox 666 1198 778 1262; x_wconf 91' lang='lat' dir='ltr'><strong>rninor,</strong></span> 
     </span>
     <span class='ocr_line' id='line_1_13' title="bbox 143 1281 814 1360; baseline -0.003 -20"><span class='ocrx_word' id='word_1_65' title='bbox 143 1300 201 1360; x_wconf 87' lang='lat' dir='ltr'><strong>pro</strong></span> <span class='ocrx_word' id='word_1_66' title='bbox 217 1283 282 1354; x_wconf 82' lang='lat' dir='ltr'><strong>iure</strong></span> <span class='ocrx_word' id='word_1_67' title='bbox 298 1283 378 1342; x_wconf 88' lang='lat' dir='ltr'><strong>uires</strong></span> <span class='ocrx_word' id='word_1_68' title='bbox 393 1298 468 1341; x_wconf 87' lang='lat' dir='ltr'><strong>esse.</strong></span> <span class='ocrx_word' id='word_1_69' title='bbox 501 1289 563 1340; x_wconf 83' lang='lat' dir='ltr'><strong>turn</strong></span> <span class='ocrx_word' id='word_1_70' title='bbox 580 1281 708 1358; x_wconf 85' lang='lat' dir='ltr'><strong>primurn</strong></span> <span class='ocrx_word' id='word_1_71' title='bbox 725 1295 814 1338; x_wconf 89' lang='lat' dir='ltr'><strong>manu</strong></span> 
     </span>
     <span class='ocr_line' id='line_1_14' title="bbox 142 1363 782 1444; baseline -0.003 -20"><span class='ocrx_word' id='word_1_72' title='bbox 142 1365 255 1426; x_wconf 89' lang='lat' dir='ltr'><strong>beffare</strong></span> <span class='ocrx_word' id='word_1_73' title='bbox 272 1366 358 1426; x_wconf 79' lang='lat' dir='ltr'><strong>nuda,</strong></span> <span class='ocrx_word' id='word_1_74' title='bbox 389 1383 517 1444; x_wconf 83' lang='lat' dir='ltr'><strong>saxaque</strong></span> <span class='ocrx_word' id='word_1_75' title='bbox 532 1371 562 1424; x_wconf 91' lang='lat' dir='ltr'><strong>et</strong></span> <span class='ocrx_word' id='word_1_76' title='bbox 576 1381 676 1425; x_wconf 85' lang='lat' dir='ltr'><strong>ramos</strong></span> <span class='ocrx_word' id='word_1_77' title='bbox 691 1363 782 1422; x_wconf 88' lang='lat' dir='ltr'><strong>rudes</strong></span> 
     </span>
     <span class='ocr_line' id='line_1_15' title="bbox 143 1445 796 1527; baseline -0.005 -16"><span class='ocrx_word' id='word_1_78' title='bbox 143 1461 264 1511; x_wconf 86' lang='lat' dir='ltr'><strong>uertere</strong></span> <span class='ocrx_word' id='word_1_79' title='bbox 279 1452 308 1510; x_wconf 93' lang='lat' dir='ltr'><strong>in</strong></span> <span class='ocrx_word' id='word_1_80' title='bbox 324 1467 416 1511; x_wconf 86' lang='lat' dir='ltr'><strong>arma.</strong></span> <span class='ocrx_word' id='word_1_81' title='bbox 448 1468 508 1510; x_wconf 90' lang='lat' dir='ltr'><strong>non</strong></span> <span class='ocrx_word' id='word_1_82' title='bbox 525 1457 588 1510; x_wconf 92' lang='lat' dir='ltr'><strong>erat</strong></span> <span class='ocrx_word' id='word_1_83' title='bbox 603 1447 707 1527; x_wconf 78' lang='lat' dir='ltr'>gracili</span> <span class='ocrx_word' id='word_1_84' title='bbox 721 1445 796 1508; x_wconf 89' lang='lat' dir='ltr'><strong>leuis</strong></span> 
     </span>
     <span class='ocr_line' id='line_1_16' title="bbox 143 1531 758 1610; baseline -0.003 -16"><span class='ocrx_word' id='word_1_85' title='bbox 143 1542 257 1595; x_wconf 85' lang='lat' dir='ltr'><strong>armata</strong></span> <span class='ocrx_word' id='word_1_86' title='bbox 272 1535 352 1595; x_wconf 91' lang='lat' dir='ltr'><strong>ferro</strong></span> <span class='ocrx_word' id='word_1_87' title='bbox 369 1553 494 1603; x_wconf 88' lang='lat' dir='ltr'><strong>cornus,</strong></span> <span class='ocrx_word' id='word_1_88' title='bbox 511 1542 563 1594; x_wconf 84' lang='lat' dir='ltr'><strong>aut</strong></span> <span class='ocrx_word' id='word_1_89' title='bbox 576 1533 666 1610; x_wconf 80' lang='lat' dir='ltr'><strong>fongo</strong></span> <span class='ocrx_word' id='word_1_90' title='bbox 682 1531 758 1593; x_wconf 88' lang='lat' dir='ltr'><strong>latos</strong></span> 
     </span>
     <span class='ocr_line' id='line_1_17' title="bbox 142 1615 824 1697; baseline -0.006 -17"><span class='ocrx_word' id='word_1_91' title='bbox 142 1637 287 1680; x_wconf 87' lang='lat' dir='ltr'><strong>mucrone</strong></span> <span class='ocrx_word' id='word_1_92' title='bbox 304 1622 425 1697; x_wconf 77' lang='lat' dir='ltr'><strong>cingens</strong></span> <span class='ocrx_word' id='word_1_93' title='bbox 441 1621 532 1689; x_wconf 90' lang='lat' dir='ltr'><strong>ensis,</strong></span> <span class='ocrx_word' id='word_1_94' title='bbox 549 1629 600 1679; x_wconf 89' lang='lat' dir='ltr'><strong>ant</strong></span> <span class='ocrx_word' id='word_1_95' title='bbox 615 1620 703 1678; x_wconf 89' lang='lat' dir='ltr'><strong>crista</strong></span> <span class='ocrx_word' id='word_1_96' title='bbox 720 1615 824 1696; x_wconf 90' lang='lat' dir='ltr'><strong>procul</strong></span> 
     </span>
     <span class='ocr_line' id='line_1_18' title="bbox 143 1701 761 1780; baseline -0.003 -16"><span class='ocrx_word' id='word_1_97' title='bbox 143 1703 246 1780; x_wconf 82' lang='lat' dir='ltr'><strong>galeae</strong></span> <span class='ocrx_word' id='word_1_98' title='bbox 262 1710 429 1765; x_wconf 82' lang='lat' dir='ltr'><strong>comantes:</strong></span> <span class='ocrx_word' id='word_1_99' title='bbox 453 1703 510 1763; x_wconf 92' lang='lat' dir='ltr'><strong>tela</strong></span> <span class='ocrx_word' id='word_1_100' title='bbox 526 1703 651 1763; x_wconf 76' lang='lat' dir='ltr'><strong>faciebat</strong></span> <span class='ocrx_word' id='word_1_101' title='bbox 667 1701 761 1762; x_wconf 86' lang='lat' dir='ltr'><strong>dolor.</strong></span> 
     </span>
     <span class='ocr_line' id='line_1_19' title="bbox 111 1786 781 1849; baseline -0.004 -1"><span class='ocrx_word' id='word_1_102' title='bbox 111 1790 130 1848; x_wconf 90' lang='lat' dir='ltr'><strong>t&#39;</strong></span> <span class='ocrx_word' id='word_1_103' title='bbox 188 1789 305 1849; x_wconf 86' lang='lat' dir='ltr'><strong>Inuenit</strong></span> <span class='ocrx_word' id='word_1_104' title='bbox 320 1796 398 1848; x_wconf 86' lang='lat' dir='ltr'><strong>artes</strong></span> <span class='ocrx_word' id='word_1_105' title='bbox 414 1786 537 1848; x_wconf 90' lang='lat' dir='ltr'><strong>bellicus</strong></span> <span class='ocrx_word' id='word_1_106' title='bbox 552 1787 672 1848; x_wconf 88' lang='lat' dir='ltr'><strong>Mauors</strong></span> <span class='ocrx_word' id='word_1_107' title='bbox 687 1804 781 1847; x_wconf 90' lang='lat' dir='ltr'><strong>nonas</strong></span> 
     </span>
     <span class='ocr_line' id='line_1_20' title="bbox 144 1872 843 1934; baseline -0.009 0"><span class='ocrx_word' id='word_1_108' title='bbox 144 1882 176 1934; x_wconf 88' lang='lat' dir='ltr'><strong>et</strong></span> <span class='ocrx_word' id='word_1_109' title='bbox 192 1872 269 1933; x_wconf 89' lang='lat' dir='ltr'><strong>milfe</strong></span> <span class='ocrx_word' id='word_1_110' title='bbox 285 1874 395 1933; x_wconf 88' lang='lat' dir='ltr'><strong>formas</strong></span> <span class='ocrx_word' id='word_1_111' title='bbox 410 1874 523 1933; x_wconf 86' lang='lat' dir='ltr'><strong>mortis.</strong></span> <span class='ocrx_word' id='word_1_112' title='bbox 557 1872 626 1932; x_wconf 92' lang='lat' dir='ltr'><strong>hinc</strong></span> <span class='ocrx_word' id='word_1_113' title='bbox 642 1879 738 1931; x_wconf 86' lang='lat' dir='ltr'><strong>terras</strong></span> <span class='ocrx_word' id='word_1_114' title='bbox 755 1887 843 1930; x_wconf 86' lang='lat' dir='ltr'><strong>cruor</strong></span> 
     </span>
     <span class='ocr_line' id='line_1_21' title="bbox 143 1956 725 2018; baseline -0.002 -1"><span class='ocrx_word' id='word_1_115' title='bbox 143 1957 248 2018; x_wconf 90' lang='lat' dir='ltr'><strong>infecit</strong></span> <span class='ocrx_word' id='word_1_116' title='bbox 264 1960 359 2018; x_wconf 87' lang='lat' dir='ltr'><strong>omnis</strong></span> <span class='ocrx_word' id='word_1_117' title='bbox 376 1957 457 2018; x_wconf 87' lang='lat' dir='ltr'><strong>fusus</strong></span> <span class='ocrx_word' id='word_1_118' title='bbox 474 1967 502 2016; x_wconf 89' lang='lat' dir='ltr'><strong>et</strong></span> <span class='ocrx_word' id='word_1_119' title='bbox 518 1956 619 2018; x_wconf 89' lang='lat' dir='ltr'><strong>rubuit</strong></span> <span class='ocrx_word' id='word_1_120' title='bbox 634 1974 725 2017; x_wconf 88' lang='lat' dir='ltr'><strong>mare.</strong></span> 
     </span>
     <span class='ocr_line' id='line_1_22' title="bbox 144 2040 871 2121; baseline -0.008 -19"><span class='ocrx_word' id='word_1_121' title='bbox 144 2051 209 2102; x_wconf 89' lang='lat' dir='ltr'><strong>tum</strong></span> <span class='ocrx_word' id='word_1_122' title='bbox 226 2041 336 2102; x_wconf 87' lang='lat' dir='ltr'><strong>scelera</strong></span> <span class='ocrx_word' id='word_1_123' title='bbox 353 2043 472 2121; x_wconf 86' lang='lat' dir='ltr'><strong>dempto</strong></span> <span class='ocrx_word' id='word_1_124' title='bbox 488 2042 546 2102; x_wconf 83' lang='lat' dir='ltr'><strong>fine</strong></span> <span class='ocrx_word' id='word_1_125' title='bbox 562 2060 616 2120; x_wconf 90' lang='lat' dir='ltr'><strong>per</strong></span> <span class='ocrx_word' id='word_1_126' title='bbox 632 2050 753 2102; x_wconf 89' lang='lat' dir='ltr'><strong>cunctas</strong></span> <span class='ocrx_word' id='word_1_127' title='bbox 768 2040 871 2101; x_wconf 86' lang='lat' dir='ltr'><strong>domos</strong></span> 
     </span>
     <span class='ocr_line' id='line_1_23' title="bbox 143 2125 731 2204; baseline 0.003 -18"><span class='ocrx_word' id='word_1_128' title='bbox 143 2129 222 2195; x_wconf 86' lang='lat' dir='ltr'><strong>iere,</strong></span> <span class='ocrx_word' id='word_1_129' title='bbox 247 2125 360 2186; x_wconf 86' lang='lat' dir='ltr'><strong>nullum</strong></span> <span class='ocrx_word' id='word_1_130' title='bbox 377 2128 473 2186; x_wconf 88' lang='lat' dir='ltr'><strong>caruit</strong></span> <span class='ocrx_word' id='word_1_131' title='bbox 488 2126 624 2204; x_wconf 83' lang='lat' dir='ltr'><strong>exemplo</strong></span> <span class='ocrx_word' id='word_1_132' title='bbox 640 2127 731 2188; x_wconf 79' lang='lat' dir='ltr'><strong>nefas</strong></span> 
     </span>
     <span class='ocr_line' id='line_1_24' title="bbox 146 2211 752 2290; baseline -0.005 -18"><span class='ocrx_word' id='word_1_133' title='bbox 146 2230 163 2272; x_wconf 95' lang='lat' dir='ltr'><strong>a</strong></span> <span class='ocrx_word' id='word_1_134' title='bbox 181 2211 273 2272; x_wconf 90' lang='lat' dir='ltr'><strong>fratre</strong></span> <span class='ocrx_word' id='word_1_135' title='bbox 289 2211 395 2280; x_wconf 87' lang='lat' dir='ltr'><strong>frater,</strong></span> <span class='ocrx_word' id='word_1_136' title='bbox 412 2211 532 2272; x_wconf 83' lang='lat' dir='ltr'><strong>dextera</strong></span> <span class='ocrx_word' id='word_1_137' title='bbox 549 2212 628 2288; x_wconf 83' lang='lat' dir='ltr'><strong>gnati</strong></span> <span class='ocrx_word' id='word_1_138' title='bbox 644 2229 752 2290; x_wconf 87' lang='lat' dir='ltr'><strong>parens</strong></span> 
     </span>
     <span class='ocr_line' id='line_1_25' title="bbox 146 2296 748 2372; baseline -0.003 -16"><span class='ocrx_word' id='word_1_139' title='bbox 146 2296 270 2364; x_wconf 88' lang='lat' dir='ltr'><strong>cecidit,</strong></span> <span class='ocrx_word' id='word_1_140' title='bbox 286 2297 410 2356; x_wconf 89' lang='lat' dir='ltr'><strong>maritus</strong></span> <span class='ocrx_word' id='word_1_141' title='bbox 427 2297 561 2372; x_wconf 80' lang='lat' dir='ltr'><strong>coniugis</strong></span> <span class='ocrx_word' id='word_1_142' title='bbox 576 2296 656 2356; x_wconf 90' lang='lat' dir='ltr'><strong>ferro</strong></span> <span class='ocrx_word' id='word_1_143' title='bbox 671 2297 748 2356; x_wconf 87' lang='lat' dir='ltr'><strong>iacet</strong></span> 
     </span>
     <span class='ocr_line' id='line_1_26' title="bbox 144 2379 782 2458; baseline -0.002 -18"><span class='ocrx_word' id='word_1_144' title='bbox 144 2382 356 2458; x_wconf 82' lang='lat' dir='ltr'><strong>perimuntque</strong></span> <span class='ocrx_word' id='word_1_145' title='bbox 372 2379 448 2441; x_wconf 89' lang='lat' dir='ltr'><strong>fetus</strong></span> <span class='ocrx_word' id='word_1_146' title='bbox 463 2381 560 2458; x_wconf 86' lang='lat' dir='ltr'><strong>inpiae</strong></span> <span class='ocrx_word' id='word_1_147' title='bbox 578 2389 688 2440; x_wconf 86' lang='lat' dir='ltr'><strong>matres</strong></span> <span class='ocrx_word' id='word_1_148' title='bbox 702 2397 782 2439; x_wconf 86' lang='lat' dir='ltr'><strong>suos.</strong></span> 
     </span>
     <span class='ocr_line' id='line_1_27' title="bbox 146 2461 838 2544; baseline 0 -20"><span class='ocrx_word' id='word_1_149' title='bbox 146 2463 266 2544; x_wconf 82' lang='lat' dir='ltr'><strong>[Taceo</strong></span> <span class='ocrx_word' id='word_1_150' title='bbox 281 2482 440 2526; x_wconf 73' lang='lat' dir='ltr'><strong>neumas.</strong></span> <span class='ocrx_word' id='word_1_151' title='bbox 471 2468 573 2525; x_wconf 77' lang='lat' dir='ltr'><strong>mitius</strong></span> <span class='ocrx_word' id='word_1_152' title='bbox 586 2467 665 2524; x_wconf 76' lang='lat' dir='ltr'><strong>nibil</strong></span> <span class='ocrx_word' id='word_1_153' title='bbox 678 2473 721 2524; x_wconf 86' lang='lat' dir='ltr'><strong>est</strong></span> <span class='ocrx_word' id='word_1_154' title='bbox 732 2461 838 2541; x_wconf 74' lang='lat' dir='ltr'><strong>seris]</strong></span> 
     </span>
     <span class='ocr_line' id='line_1_28' title="bbox 108 2547 1012 2610; baseline -0.002 -2"><span class='ocrx_word' id='word_1_155' title='bbox 108 2575 127 2608; x_wconf 88' lang='lat' dir='ltr'><strong>n</strong></span> <span class='ocrx_word' id='word_1_156' title='bbox 191 2548 249 2609; x_wconf 90' lang='lat' dir='ltr'><strong>Sed</strong></span> <span class='ocrx_word' id='word_1_157' title='bbox 266 2548 325 2610; x_wconf 84' lang='lat' dir='ltr'><strong>dux</strong></span> <span class='ocrx_word' id='word_1_158' title='bbox 342 2548 487 2610; x_wconf 86' lang='lat' dir='ltr'><strong>malorum</strong></span> <span class='ocrx_word' id='word_1_159' title='bbox 505 2550 622 2608; x_wconf 88' lang='lat' dir='ltr'><strong>femina.</strong></span> <span class='ocrx_word' id='word_1_160' title='bbox 655 2548 728 2607; x_wconf 88' lang='lat' dir='ltr'><strong>baec</strong></span> <span class='ocrx_word' id='word_1_161' title='bbox 744 2547 890 2608; x_wconf 87' lang='lat' dir='ltr'><strong>scelerum</strong></span> <span class='ocrx_word' id='word_1_162' title='bbox 907 2548 1012 2607; x_wconf 81' lang='lat' dir='ltr'><strong>artifex</strong></span> 
     </span>
     <span class='ocr_line' id='line_1_29' title="bbox 145 2632 769 2709; baseline -0.003 -16"><span class='ocrx_word' id='word_1_163' title='bbox 145 2632 264 2693; x_wconf 85' lang='lat' dir='ltr'><strong>obsedit</strong></span> <span class='ocrx_word' id='word_1_164' title='bbox 279 2635 406 2702; x_wconf 86' lang='lat' dir='ltr'><strong>animos,</strong></span> <span class='ocrx_word' id='word_1_165' title='bbox 423 2633 510 2693; x_wconf 86' lang='lat' dir='ltr'><strong>huius</strong></span> <span class='ocrx_word' id='word_1_166' title='bbox 526 2634 645 2693; x_wconf 82' lang='lat' dir='ltr'><strong>incestis</strong></span> <span class='ocrx_word' id='word_1_167' title='bbox 660 2633 769 2709; x_wconf 80' lang='lat' dir='ltr'><strong>stupris</strong></span> 
     </span>
     <span class='ocr_line' id='line_1_30' title="bbox 144 2716 820 2795; baseline -0.004 -17"><span class='ocrx_word' id='word_1_168' title='bbox 144 2719 263 2778; x_wconf 87' lang='lat' dir='ltr'><strong>fumant</strong></span> <span class='ocrx_word' id='word_1_169' title='bbox 277 2725 320 2778; x_wconf 90' lang='lat' dir='ltr'><strong>tot</strong></span> <span class='ocrx_word' id='word_1_170' title='bbox 336 2717 426 2778; x_wconf 90' lang='lat' dir='ltr'><strong>urbes</strong></span> <span class='ocrx_word' id='word_1_171' title='bbox 442 2716 518 2778; x_wconf 89' lang='lat' dir='ltr'><strong>beffa</strong></span> <span class='ocrx_word' id='word_1_172' title='bbox 535 2726 576 2776; x_wconf 86' lang='lat' dir='ltr'><strong>tot.</strong></span> <span class='ocrx_word' id='word_1_173' title='bbox 592 2726 696 2794; x_wconf 82' lang='lat' dir='ltr'><strong>gentes</strong></span> <span class='ocrx_word' id='word_1_174' title='bbox 711 2724 820 2795; x_wconf 85' lang='lat' dir='ltr'><strong>gerunt</strong></span> 
     </span>
    </p>
   </div>
   <div class='ocr_carea' id='block_1_4' title="bbox 218 2905 348 2912">
    <p class='ocr_par' dir='ltr' id='par_1_4' title="bbox 218 2905 348 2912">
     <span class='ocr_line' id='line_1_31' title="bbox 218 2905 348 2912; baseline 0 0"><span class='ocrx_word' id='word_1_175' title='bbox 218 2905 348 2912; x_wconf 47' lang='grc' dir='ltr'><strong>...ῳ</strong></span> 
     </span>
    </p>
   </div>
   <div class='ocr_carea' id='block_1_5' title="bbox 143 3017 1064 3561">
    <p class='ocr_par' dir='ltr' id='par_1_5' title="bbox 143 3017 1064 3561">
     <span class='ocr_line' id='line_1_32' title="bbox 215 3017 1062 3088; baseline -0.002 -16"><span class='ocrx_word' id='word_1_176' title='bbox 215 3023 266 3072; x_wconf 82' lang='grc'><strong>545</strong></span> <span class='ocrx_word' id='word_1_177' title='bbox 289 3038 334 3072; x_wconf 86' lang='lat' dir='ltr'><strong>ser</strong></span> <span class='ocrx_word' id='word_1_178' title='bbox 353 3037 420 3072; x_wconf 79' lang='lat' dir='ltr'><strong>arua</strong></span> <span class='ocrx_word' id='word_1_179' title='bbox 439 3020 473 3070; x_wconf 71' lang='grc' dir='ltr'><strong>Εί</strong></span> <span class='ocrx_word' id='word_1_180' title='bbox 498 3037 566 3072; x_wconf 83' lang='lat' dir='ltr'><strong>corr.</strong></span> <span class='ocrx_word' id='word_1_181' title='bbox 586 3020 622 3070; x_wconf 74' lang='grc' dir='ltr'><strong>Ε2</strong></span> <span class='ocrx_word' id='word_1_182' title='bbox 645 3017 657 3088; x_wconf 79' lang='grc' dir='ltr'>Η</span> <span class='ocrx_word' id='word_1_183' title='bbox 680 3022 729 3072; x_wconf 80' lang='grc'><strong>547</strong></span> <span class='ocrx_word' id='word_1_184' title='bbox 747 3020 891 3071; x_wconf 86' lang='lat' dir='ltr'><strong>dederunt</strong></span> <span class='ocrx_word' id='word_1_185' title='bbox 908 3026 938 3071; x_wconf 82' lang='lat' dir='ltr'><strong>ci.</strong></span> <span class='ocrx_word' id='word_1_186' title='bbox 959 3021 1034 3070; x_wconf 87' lang='lat' dir='ltr'><strong>NHe.</strong></span> <span class='ocrx_word' id='word_1_187' title='bbox 1054 3019 1062 3084; x_wconf 74' lang='grc' dir='ltr'>Η</span> 
     </span>
     <span class='ocr_line' id='line_1_33' title="bbox 143 3086 1062 3155; baseline -0.005 -14"><span class='ocrx_word' id='word_1_188' title='bbox 143 3092 194 3141; x_wconf 79' lang='grc'><strong>549</strong></span> <span class='ocrx_word' id='word_1_189' title='bbox 213 3105 330 3155; x_wconf 85' lang='lat' dir='ltr'><strong>precesp</strong></span> <span class='ocrx_word' id='word_1_190' title='bbox 348 3090 373 3138; x_wconf 85' lang='grc' dir='ltr'><em>Ε</em></span> <span class='ocrx_word' id='word_1_191' title='bbox 384 3086 396 3155; x_wconf 77' lang='grc' dir='ltr'>Η</span> <span class='ocrx_word' id='word_1_192' title='bbox 408 3091 456 3140; x_wconf 88' lang='grc'><strong>551</strong></span> <span class='ocrx_word' id='word_1_193' title='bbox 476 3094 618 3138; x_wconf 85' lang='lat' dir='ltr'><strong>cruentum</strong></span> <span class='ocrx_word' id='word_1_194' title='bbox 631 3090 739 3139; x_wconf 85' lang='lat' dir='ltr'><strong>facinus</strong></span> <span class='ocrx_word' id='word_1_195' title='bbox 754 3089 839 3152; x_wconf 85' lang='lat' dir='ltr'><strong>preda</strong></span> <span class='ocrx_word' id='word_1_196' title='bbox 856 3097 879 3152; x_wconf 85' lang='grc' dir='ltr'>ψ</span> <span class='ocrx_word' id='word_1_197' title='bbox 892 3086 903 3155; x_wconf 76' lang='grc' dir='ltr'>Η</span> <span class='ocrx_word' id='word_1_198' title='bbox 915 3090 964 3139; x_wconf 87' lang='grc'><strong>553</strong></span> <span class='ocrx_word' id='word_1_199' title='bbox 983 3101 1062 3137; x_wconf 84' lang='lat' dir='ltr'><strong>sexa·</strong></span> 
     </span>
     <span class='ocr_line' id='line_1_34' title="bbox 145 3154 1064 3223; baseline -0.003 -16"><span class='ocrx_word' id='word_1_200' title='bbox 145 3173 199 3221; x_wconf 85' lang='lat' dir='ltr'><strong>qne</strong></span> <span class='ocrx_word' id='word_1_201' title='bbox 221 3173 239 3206; x_wconf 83' lang='lat' dir='ltr'><strong>oc</strong></span> <span class='ocrx_word' id='word_1_202' title='bbox 262 3154 274 3223; x_wconf 85' lang='grc' dir='ltr'>Η</span> <span class='ocrx_word' id='word_1_203' title='bbox 298 3159 348 3208; x_wconf 87' lang='grc'><strong>556</strong></span> <span class='ocrx_word' id='word_1_204' title='bbox 367 3163 415 3207; x_wconf 84' lang='lat' dir='ltr'><strong>aut</strong></span> <span class='ocrx_word' id='word_1_205' title='bbox 434 3158 534 3206; x_wconf 86' lang='lat' dir='ltr'><strong>cristae</strong></span> <span class='ocrx_word' id='word_1_206' title='bbox 554 3162 639 3221; x_wconf 84' lang='lat' dir='ltr'><strong>ceput</strong></span> <span class='ocrx_word' id='word_1_207' title='bbox 657 3159 681 3207; x_wconf 84' lang='grc' dir='ltr'><em>Α</em></span> <span class='ocrx_word' id='word_1_208' title='bbox 702 3161 750 3206; x_wconf 84' lang='lat' dir='ltr'><strong>aut</strong></span> <span class='ocrx_word' id='word_1_209' title='bbox 767 3157 849 3207; x_wconf 85' lang='lat' dir='ltr'><strong>triste</strong></span> <span class='ocrx_word' id='word_1_210' title='bbox 868 3161 992 3222; x_wconf 61' lang='lat' dir='ltr'><strong>caputet</strong></span> <span class='ocrx_word' id='word_1_211' title='bbox 1015 3159 1064 3205; x_wconf 86' lang='lat' dir='ltr'><strong>aut</strong></span> 
     </span>
     <span class='ocr_line' id='line_1_35' title="bbox 144 3221 1063 3291; baseline -0.004 -16"><span class='ocrx_word' id='word_1_212' title='bbox 144 3228 232 3275; x_wconf 81' lang='lat' dir='ltr'><strong>criste</strong></span> <span class='ocrx_word' id='word_1_213' title='bbox 250 3225 345 3290; x_wconf 82' lang='lat' dir='ltr'><strong>procul</strong></span> <span class='ocrx_word' id='word_1_214' title='bbox 364 3221 418 3291; x_wconf 74' lang='grc' dir='ltr'><strong>ΕΗ</strong></span> <span class='ocrx_word' id='word_1_215' title='bbox 438 3228 487 3275; x_wconf 82' lang='grc'><strong>557</strong></span> <span class='ocrx_word' id='word_1_216' title='bbox 506 3224 584 3275; x_wconf 90' lang='lat' dir='ltr'><strong>dolor</strong></span> <span class='ocrx_word' id='word_1_217' title='bbox 601 3242 622 3275; x_wconf 83' lang='lat' dir='ltr'><strong>co</strong></span> <span class='ocrx_word' id='word_1_218' title='bbox 640 3225 728 3275; x_wconf 85' lang='lat' dir='ltr'><strong>dolus</strong></span> <span class='ocrx_word' id='word_1_219' title='bbox 746 3227 777 3273; x_wconf 84' lang='lat' dir='ltr'><strong>ei.</strong></span> <span class='ocrx_word' id='word_1_220' title='bbox 791 3224 925 3288; x_wconf 74' lang='lat' dir='ltr'><strong>Stephani.</strong></span> <span class='ocrx_word' id='word_1_221' title='bbox 948 3224 1063 3286; x_wconf 71' lang='lat' dir='ltr'><strong>fortasse</strong></span> 
     </span>
     <span class='ocr_line' id='line_1_36' title="bbox 143 3287 1064 3356; baseline -0.005 -12"><span class='ocrx_word' id='word_1_222' title='bbox 143 3293 320 3344; x_wconf 82' lang='lat' dir='ltr'><strong>scribendum:</strong></span> <span class='ocrx_word' id='word_1_223' title='bbox 343 3294 402 3343; x_wconf 87' lang='lat' dir='ltr'><strong>tela</strong></span> <span class='ocrx_word' id='word_1_224' title='bbox 421 3293 546 3342; x_wconf 82' lang='lat' dir='ltr'><strong>faciebat</strong></span> <span class='ocrx_word' id='word_1_225' title='bbox 564 3287 658 3342; x_wconf 80' lang='lat' dir='ltr'><strong>locus</strong></span> <span class='ocrx_word' id='word_1_226' title='bbox 677 3291 706 3353; x_wconf 84' lang='lat' dir='ltr'><strong>(i.</strong></span> <span class='ocrx_word' id='word_1_227' title='bbox 719 3309 741 3341; x_wconf 92' lang='lat' dir='ltr'><strong>e.</strong></span> <span class='ocrx_word' id='word_1_228' title='bbox 755 3289 867 3352; x_wconf 83' lang='lat' dir='ltr'><strong>occasio)</strong></span> <span class='ocrx_word' id='word_1_229' title='bbox 880 3287 891 3356; x_wconf 83' lang='grc' dir='ltr'>Η</span> <span class='ocrx_word' id='word_1_230' title='bbox 903 3292 953 3342; x_wconf 87' lang='grc'><strong>566</strong></span> <span class='ocrx_word' id='word_1_231' title='bbox 971 3291 1064 3340; x_wconf 85' lang='lat' dir='ltr'><strong>mitior</strong></span> 
     </span>
     <span class='ocr_line' id='line_1_37' title="bbox 143 3355 1063 3425; baseline -0.003 -15"><span class='ocrx_word' id='word_1_232' title='bbox 143 3377 223 3410; x_wconf 87' lang='lat' dir='ltr'><strong>mens</strong></span> <span class='ocrx_word' id='word_1_233' title='bbox 243 3366 285 3410; x_wconf 85' lang='lat' dir='ltr'><strong>est</strong></span> <span class='ocrx_word' id='word_1_234' title='bbox 304 3361 372 3411; x_wconf 86' lang='lat' dir='ltr'><strong>feris</strong></span> <span class='ocrx_word' id='word_1_235' title='bbox 390 3363 422 3412; x_wconf 78' lang='lat' dir='ltr'><strong>ci,</strong></span> <span class='ocrx_word' id='word_1_236' title='bbox 436 3361 562 3425; x_wconf 71' lang='lat' dir='ltr'><strong>Scaliger,</strong></span> <span class='ocrx_word' id='word_1_237' title='bbox 586 3363 650 3410; x_wconf 83' lang='lat' dir='ltr'><strong>eieci</strong></span> <span class='ocrx_word' id='word_1_238' title='bbox 666 3375 773 3410; x_wconf 80' lang='lat' dir='ltr'><strong>uersum.</strong></span> <span class='ocrx_word' id='word_1_239' title='bbox 797 3355 1063 3423; x_wconf 68' lang='lat' dir='ltr'><strong>cfiOu.ber.X.1ff</strong></span> 
     </span>
     <span class='ocr_line' id='line_1_38' title="bbox 143 3425 1062 3495; baseline -0.004 -15"><span class='ocrx_word' id='word_1_240' title='bbox 143 3430 196 3480; x_wconf 90' lang='grc'><strong>568</strong></span> <span class='ocrx_word' id='word_1_241' title='bbox 215 3432 244 3478; x_wconf 82' lang='lat' dir='ltr'><strong>ot</strong></span> <span class='ocrx_word' id='word_1_242' title='bbox 264 3429 286 3478; x_wconf 85' lang='grc' dir='ltr'><em>Α</em></span> <span class='ocrx_word' id='word_1_243' title='bbox 310 3429 363 3478; x_wconf 88' lang='lat' dir='ltr'><strong>hec</strong></span> <span class='ocrx_word' id='word_1_244' title='bbox 382 3428 407 3476; x_wconf 73' lang='lat' dir='ltr'><strong>lt</strong></span> <span class='ocrx_word' id='word_1_245' title='bbox 430 3425 442 3495; x_wconf 82' lang='grc' dir='ltr'><strong>Ι]</strong></span> <span class='ocrx_word' id='word_1_246' title='bbox 464 3429 514 3479; x_wconf 90' lang='grc'><strong>568</strong></span> <span class='ocrx_word' id='word_1_247' title='bbox 532 3429 613 3477; x_wconf 85' lang='lat' dir='ltr'><strong>huius</strong></span> <span class='ocrx_word' id='word_1_248' title='bbox 632 3428 732 3478; x_wconf 87' lang='lat' dir='ltr'><strong>incesti</strong></span> <span class='ocrx_word' id='word_1_249' title='bbox 750 3427 775 3475; x_wconf 82' lang='grc' dir='ltr'><em>Ε</em></span> <span class='ocrx_word' id='word_1_250' title='bbox 797 3427 875 3476; x_wconf 84' lang='lat' dir='ltr'><strong>cuius</strong></span> <span class='ocrx_word' id='word_1_251' title='bbox 893 3428 1017 3478; x_wconf 79' lang='lat' dir='ltr'><strong>incestae</strong></span> <span class='ocrx_word' id='word_1_252' title='bbox 1037 3428 1062 3476; x_wconf 84' lang='grc' dir='ltr'><em>Α</em></span> 
     </span>
     <span class='ocr_line' id='line_1_39' title="bbox 143 3493 459 3561; baseline -0.003 -16"><span class='ocrx_word' id='word_1_253' title='bbox 143 3497 269 3548; x_wconf 84' lang='lat' dir='ltr'><strong>incestis</strong></span> <span class='ocrx_word' id='word_1_254' title='bbox 289 3495 312 3545; x_wconf 90' lang='lat' dir='ltr'><strong>I.</strong></span> <span class='ocrx_word' id='word_1_255' title='bbox 322 3497 366 3545; x_wconf 75' lang='lat' dir='ltr'><strong>Gr.</strong></span> <span class='ocrx_word' id='word_1_256' title='bbox 391 3493 403 3561; x_wconf 78' lang='grc' dir='ltr'><strong>ΙΙ</strong></span> <span class='ocrx_word' id='word_1_257' title='bbox 457 3548 459 3552; x_wconf 62' lang='grc'><em>,</em></span> 
     </span>
    </p>
   </div>
   <div class='ocr_carea' id='block_1_6' title="bbox 0 0 1258 3978">
    <p class='ocr_par' dir='ltr' id='par_1_6' title="bbox 0 0 1258 3978">
     <span class='ocr_line' id='line_1_40' title="bbox 0 0 1258 3978; baseline 0 0"><span class='ocrx_word' id='word_1_258' title='bbox 0 0 1258 3978; x_wconf 95' lang='lat' dir='ltr'><strong> </strong></span> 
     </span>
    </p>
   </div>
  </div>
 </body>
</html>
