2490 3984
160 231 223 297 358
548 243 690 292 meeum

202 387 248 448 En
263 388 326 466 ipse
341 386 419 464 pieta
434 392 517 446 ueste
533 384 666 445 sublimis
681 385 757 445 iacet

161 472 272 533 Priami
287 470 431 550 superbas
446 488 573 549 corpore
590 471 711 531 exuuias
725 487 841 548 gerens.

162 556 319 618 detrahere
335 555 431 618 cultus
446 574 523 616 uxor
538 553 660 616 hostiles
675 554 772 624 iubet,

161 641 284 701 iuduere
299 645 399 719 potius
414 642 547 719 coniugis
562 640 637 700 fidae
653 657 742 700 manu
825 672 831 679 ·

162 734 257 786 textos
273 727 407 786 amictus.

450 809 560 870 horreo
576 817 663 889 atque
678 811 776 870 auimo
792 816 898 870 tremo.

161 913 303 972 regemne
318 897 446 973 perimet
462 894 529 956 exul
543 892 574 954 'et
588 892 702 954 adulter
718 894 834 955 uirum?

162 997 272 1040 uenere
289 980 362 1047 fata,
379 981 553 1056 sauguinem
569 987 720 1040 extremae
737 978 827 1056 dapes

162 1065 272 1124 domini
290 1064 434 1125 uidebunt
449 1073 478 1125 et
493 1083 583 1125 eruor
598 1064 711 1124 baoeho
726 1062 845 1123 incidet.

203 1148 354 1209 Mortifera
371 1151 503 1210 uinctum
519 1148 650 1229 perfidae
665 1148 762 1209 tradet
776 1149 844 1208 neci
876 1223 877 1228 ἵ
971 1199 973 1202 .

160 1233 262 1293 induta
277 1235 383 1294 uestis:
408 1237 518 1295 exitum
534 1233 673 1294 manibus
689 1239 800 1309 negant

159 1325 309 1397 caputque
325 1319 383 1379 laxi
399 1326 428 1380 et
441 1319 515 1379 iuuii
530 1317 653 1378 eludunt
667 1320 758 1378 sinus.

161 1402 259 1463 haurit
274 1404 411 1463 trementi
427 1405 549 1464 semiuir
565 1403 666 1463 dextra
682 1403 758 1462 latus

161 1505 217 1547 neo
231 1489 349 1566 penitus
365 1490 438 1564 egit:
461 1485 588 1548 uulnere
603 1489 634 1546 in
650 1486 747 1548 medio
763 1493 871 1564 stupet.

203 1574 240 1633 At
254 1572 301 1634 ille
317 1579 349 1633 ut
364 1573 429 1634 altis
443 1572 576 1650 hispidus
591 1572 673 1632 siluis
688 1589 760 1648 aper

163 1675 229 1716 eum
247 1675 329 1719 casse
343 1659 461 1718 uinctus
476 1665 601 1735 temptat
616 1673 753 1733 egressus
768 1663 867 1716 tamen

162 1749 297 1821 artatque
313 1751 394 1804 motu
410 1740 508 1804 uincla
524 1750 554 1802 et
567 1743 716 1802 ineassum
733 1741 820 1812 furit,

161 1829 244 1904 eupit
258 1827 384 1888 fluentes
399 1828 530 1906 undique
547 1835 575 1888 et
591 1844 695 1886 caecos
710 1826 792 1886 sinus

163 1911 288 1973 disicere
304 1919 333 1972 et
347 1911 463 1973 hostem
480 1913 594 1992 quaerit
607 1911 757 1988 inplicitus
772 1929 867 1973 suum.

204 1998 306 2057 Armat
320 1996 442 2076 bipenni
457 1997 601 2076 Tyndaris
618 1995 752 2056 dextram
768 1995 871 2056 furens

163 2081 315 2161 qualisque
331 2082 366 2141 ad
383 2099 448 2142 aras
464 2081 538 2142 eolla
554 2090 708 2141 taurorum
724 2084 796 2157 pius

164 2167 297 2244 designat
313 2166 405 2227 oculis
421 2176 488 2228 ante
504 2184 592 2245 quam
608 2166 688 2225 ferro
704 2173 799 2243 petat:

165 2252 208 2310 siu
222 2250 280 2311 huc
296 2259 326 2312 et
340 2250 407 2312 illue
423 2252 533 2332 inpiam
549 2250 638 2313 librat
652 2268 783 2310 manum.

162 2335 266 2405 habet,
284 2344 437 2415 peractum
453 2343 506 2397 est.
538 2335 647 2416 pendet
662 2338 768 2412 exigua
784 2334 861 2396 male

161 2428 249 2499 eaput
264 2429 447 2500 amputatum
462 2427 547 2499 parte
563 2429 592 2482 et
606 2422 676 2481 hino
692 2428 798 2480 trunco
814 2438 904 2482 cruor
1102 2427 1157 2476 960

162 2505 305 2574 exundat,
322 2505 404 2567 illiue
420 2524 472 2566 ora
488 2524 554 2567 oum
571 2505 691 2566 fremitu
706 2506 812 2566 iacent.

203 2589 340 2650 Nondum
355 2592 509 2652 recedunt.
525 2589 574 2651 ille
589 2592 647 2652 iam
664 2591 799 2650 exanime
813 2593 919 2670 inpetit

161 2674 329 2753 laceratque
345 2694 468 2755 corpus,
484 2675 533 2736 illa
549 2676 710 2737 fodientem
727 2674 860 2746 adiuuat,
1028 2689 1052 2734 s.
1068 2689 1156 2732 cxvu

162 2767 287 2837 uterque
303 2768 384 2822 tanto
399 2759 512 2822 scelere
527 2759 689 2840 respondet
704 2763 779 2821 suis:

164 2852 208 2904 est
222 2845 270 2906 hie
286 2845 435 2924 Thyestae
450 2856 557 2922 gnatus
572 2846 646 2907 haec
661 2845 790 2906 helenae
805 2863 901 2907 soror.
1101 2858 1158 2907 965

163 2935 220 2989 stat
235 2948 305 2991 ecee
321 2931 407 2992 Titan
424 2931 530 2991 dubius
546 2931 669 2992 emerito
686 2930 732 2991 die

163 3033 256 3076 suane
271 3023 372 3076 currat
387 3034 424 3076 an
439 3015 570 3095 thyestea
587 3019 644 3076 uia.

163 3172 367 3186 -u-d-——a

758 3229 769 3255 a
1050 3237 1052 3242 .

232 3271 281 3321 937
300 3271 337 3320 Et
354 3287 375 3321 ω
392 3270 441 3319 En
460 3271 536 3321 NHs.
559 3265 572 3336 ss
594 3272 644 3322 945
662 3267 773 3336 porfid&
791 3268 826 3319 E¹
850 3267 861 3335 ΙΙ
884 3272 935 3321 946
957 3273 1044 3335 negat
1063 3287 1085 3320 ω

165 3343 281 3402 negant
298 3339 374 3388 NHr.
396 3335 407 3404 ΙΙ
430 3340 480 3388 947
498 3337 568 3388 inuli
586 3337 611 3387 E
628 3338 699 3387 inuii
716 3340 741 3388 A
762 3333 774 3403 ll
794 3340 844 3388 949
862 3339 920 3404 egit
938 3337 963 3388 E
982 3339 1042 3404 agit
1060 3347 1085 3400 ψ

167 3403 254 3467 adigit
271 3406 296 3455 A
321 3401 333 3471 ΙΙ
355 3407 405 3457 956
422 3410 499 3470 prius
516 3423 538 3456 ω
557 3407 628 3470 pius
646 3408 785 3456 Aseeaeiua
807 3401 819 3472 [l
843 3407 893 3457 962
913 3406 1041 3472 exanime
1059 3406 1087 3456 Ε

167 3473 320 3521 exanimem
339 3473 363 3521 A
377 3472 388 3537 ΙΙ
400 3475 471 3537 petit
488 3490 509 3524 ω
527 3474 644 3539 impetit
661 3475 737 3527 NHs.
754 3471 767 3540 ΙΙ
785 3475 835 3524 965
853 3475 904 3524 Est
921 3473 967 3525 hie
985 3474 1011 3525 E
1029 3475 1089 3524 Hie

168 3541 210 3585 est
227 3538 252 3586 A
264 3535 277 3601 ΙΙ
288 3539 411 3602 Thyeste
430 3540 481 3588 EA
500 3540 648 3605 Thyestae
669 3543 747 3594 Gran.
772 3538 784 3608 ΙΙ
