2550 3978
161 194 224 259 282
450 212 480 257 a.
498 210 630 256 annam
646 209 803 257 sennenn

163 350 497 410 hnciaccrelascn
514 351 656 428 potuit?
681 355 783 428 erepto
799 355 883 426 patre

165 435 259 515 patria
275 442 362 513 atque
379 452 471 512 regno
488 433 608 495 sedibus
624 432 715 494 solam
734 435 841 493 exteris

165 519 322 579 deserere?
345 520 437 580 durus
453 521 556 579 merita
574 519 752 595 contempsit
766 537 834 587 mea

163 605 214 682 qui
229 603 342 664 sceiere
357 603 490 665 ssammas
505 604 622 664 uiderat
638 605 716 663 uinci
733 611 761 663 et
776 604 876 664 mare?

164 689 276 750 adeone
292 689 393 749 credet
403 707 495 769 pmne
511 696 719 766 consumptum
736 688 839 748 nefas?

129 773 154 832 a'
207 774 323 834 Incerta
339 791 463 834 uaeccrs
480 782 578 833 mente
595 781 721 832 uaesana
737 772 818 831 ferar

163 866 262 935 partes
277 859 305 917 in
323 876 440 927 omnes,
457 859 535 918 unde
551 877 597 918 me
613 856 714 917 ulcisci
731 859 856 936 queam?

163 944 274 1002 utinam
291 949 368 1003 esset
383 942 426 1003 illi
442 943 543 1004 frater.
576 953 619 1003 est
635 944 779 1002 coniunx:
802 944 831 1002 in
849 944 925 1002 hanc

164 1027 275 1087 serrum
293 1029 435 1103 exigatur.
454 1063 492 1073 -
509 1027 566 1086 hoc
582 1028 655 1086 meis
671 1027 740 1086 satis
756 1033 800 1086 est
815 1027 917 1087 malis?

163 1113 187 1171 si
204 1111 284 1190 quod
299 1111 437 1190 pelasgae
453 1113 477 1172 si
494 1111 571 1188 quod
589 1110 674 1171 urbis
689 1110 835 1172 barbarae

163 1215 275 1256 nouere
291 1198 405 1257 facinus
421 1197 498 1275 qued
517 1205 585 1257 tuae
602 1197 740 1273 ignorant
755 1214 875 1264 manus,

162 1299 243 1341 nunc
259 1288 302 1341 est
317 1282 490 1358 parandum.
522 1280 597 1341 scel
608 1298 670 1340 era
686 1288 714 1340 te
733 1280 889 1340 hortentur
905 1288 953 1340 tua

164 1376 192 1426 et
208 1373 312 1426 cuncta
329 1366 467 1426 redeant:

148 1449 155 1468 '
520 1449 653 1510 Inclitum
671 1450 754 1526 regni
771 1449 862 1510 decus

163 1542 280 1612 raptum
298 1542 327 1594 et
344 1533 488 1595 netandae
503 1535 627 1610 uirginis
642 1552 753 1612 paruus
769 1552 869 1594 comes

164 1620 277 1680 diuisus
293 1637 363 1679 ense
380 1620 468 1680 funus
484 1621 633 1694 ingestum
651 1620 728 1696 patri

163 1721 359 1783 sparsumque
375 1711 466 1782 ponto
484 1721 593 1783 corpus
610 1710 640 1762 et
654 1702 752 1762 Peliae
769 1704 847 1763 senis

164 1789 286 1849 decocta
303 1807 377 1848 aeno
393 1788 537 1848 membra.
568 1788 716 1848 funestum
733 1788 813 1866 inpie

165 1891 253 1950 quam
269 1891 356 1951 saepe
372 1873 434 1932 iudi
450 1875 633 1950 sanguinem.
666 1880 695 1931 et
710 1870 822 1932 nullum
840 1871 965 1934 scelus

163 1959 238 2018 irata
255 1957 326 2026 feci,
343 1959 438 2018 saeuit
451 1957 553 2019 inieiix
569 1975 661 2016 amor.

130 2066 147 2099 a
209 2040 924 2120 Quidtameniascnpotuitaiieniarbitri
991 2105 995 2112 ,

163 2126 294 2203 iurisque
311 2126 421 2187 iactus?
440 2163 474 2173 —
494 2126 595 2187 debuit
609 2126 691 2186 ferro
707 2126 827 2186 obuium

164 2211 272 2271 offerre
287 2220 400 2288 pectus.
422 2247 456 2256 -
474 2211 579 2272 meiius
595 2211 632 2270 ah
649 2209 754 2271 meiius
770 2211 854 2271 dclcr

164 2294 275 2376 furiose
290 2295 421 2375 loquere.
453 2298 476 2355 si
493 2304 591 2374 potest
606 2297 688 2356 uiuat
703 2314 786 2356 meus

163 2387 196 2440 ut
211 2380 266 2440 init
280 2380 382 2450 lason,
399 2382 422 2440 si
439 2382 551 2449 minus,
568 2382 651 2440 iiiuat
666 2387 763 2439 tamen

163 2483 338 2543 memorque
354 2467 445 2526 nostri
462 2467 576 2526 muneri
591 2472 695 2544 parcat
711 2483 775 2524 meo

130 2642 159 2693 a⁰
208 2633 298 2712 Culpa
316 2641 360 2693 est
375 2635 507 2696 Creontis
522 2642 582 2694 tota
599 2634 647 2712 qui
663 2643 780 2713 sceptro
796 2636 933 2712 inpetens

158 2719 299 2795 'coniugia
317 2718 404 2778 soluit
420 2721 529 2798 quique
546 2721 725 2797 genetricem
743 2718 885 2779 abstrahit

164 2804 261 2880 gnatis
277 2810 306 2863 et
322 2812 385 2863 arto
403 2806 528 2882 pignore
545 2806 720 2865 adstrictam
731 2803 819 2863 tidem
846 2807 850 2814 '

233 3092 280 3140 118
298 3091 370 3140 haec
390 3091 414 3139 A
432 3090 485 3140 hoc
500 3091 528 3140 Ε
540 3088 551 3155 ll
565 3092 612 3140 122
633 3089 721 3139 credit
739 3091 763 3138 A
784 3091 878 3140 credet
896 3087 1007 3157 Ε11123
1027 3107 1082 3141 non

163 3173 233 3207 sana
252 3159 276 3207 A
294 3173 400 3208 aecana
418 3158 443 3206 E
460 3154 471 3224 Η
490 3160 537 3208 126
556 3159 626 3207 haec
646 3173 664 3206 α
687 3158 739 3206 hoc
757 3166 796 3222 ψε
813 3155 824 3223 ΙΙ
843 3159 1082 3224 impetrandum

162 3227 194 3274 ei.
215 3225 263 3276 Bo.
288 3222 299 3291 ΙΙ
325 3228 527 3276 tenimentum
546 3226 571 3277 A
595 3225 767 3290 infestump
791 3227 929 3290 ingestum
948 3227 973 3276 E
997 3223 1009 3294 [l
1033 3228 1082 3278 135

162 3291 219 3340 uidi
238 3293 264 3342 E
288 3291 348 3342 sudi
366 3295 391 3344 A
414 3289 426 3358 11
450 3299 480 3342 at
498 3311 517 3343 a
540 3290 551 3358 ΙΙ
576 3295 624 3342 136
644 3300 705 3356 post
722 3294 779 3342 feci
797 3295 846 3343 duo
864 3295 1021 3345 hemistichia
1038 3296 1082 3345 de·

163 3374 219 3407 esse
237 3367 310 3422 putat
329 3362 403 3413 alis.
422 3358 434 3426 Η
451 3365 500 3412 139
520 3361 619 3410 afferre
638 3359 662 3408 E
681 3360 780 3410 offerre
799 3362 824 3410 A
845 3357 856 3427 Η
880 3377 913 3410 ac
932 3362 957 3411 Ε
976 3363 1012 3412 ah
1030 3363 1055 3412 A
1074 3361 1083 3428 Η

163 3427 212 3540 14οῗ
229 3431 382 3560 ΞῖηρηοΙῖῑτὶ.
402 3430 508 3478 muneri
525 3444 642 3494 parcam
661 3443 721 3478 meo
740 3430 771 3478 ei.
792 3429 870 3479 Gran.
896 3433 1011 3480 lacunam
1028 3436 1082 3480 eta-

175 3507 199 3540 ar
254 3529 259 3540 .
287 3536 293 3546 ,
