2526 3986
513 207 691 255 THYESTES

226 351 350 426 fugiat
366 366 483 410 maeror
499 348 650 428 fugiatque
666 366 768 425 pauor.

225 436 349 514 fugiat
368 435 477 514 trepidi
492 452 592 495 carnes
608 432 685 493 exiiii

224 521 315 580 tristis
331 526 446 597 egestas

226 603 375 682 rebusque
391 605 490 683 grauis
505 603 602 682 pudor
617 603 741 664 afflictis¹

227 691 319 767 magis
335 690 413 749 unde
430 689 517 749 cadas
534 705 624 766 quam
640 708 698 768 quo
715 689 815 749 reiert.

273 826 349 904 Thu.
378 823 516 903 Magnum
533 843 569 884 ex
585 824 642 884 alto
659 825 787 888 eulmine
803 827 920 908 lapsum
1061 827 1124 899 '930

226 908 360 971 stabilem
375 911 406 969 in
422 909 509 988 plana
526 908 617 987 figere
633 929 778 989 gressum.

225 1011 364 1070 magnum
381 995 491 1073 ingenti
507 1001 605 1070 strage
621 994 768 1056 malorum

224 1096 360 1156 pressum
375 1080 462 1139 iraeti
477 1080 608 1156 pandera
625 1081 710 1158 regni

224 1181 284 1225 non
299 1165 405 1224 inflexa
421 1166 539 1224 ceruice
554 1165 615 1241 pati

223 1266 280 1310 nee
295 1251 472 1328 degenerem
488 1250 661 1328 uictumque
677 1250 762 1312 malis

222 1341 337 1395 rectum
354 1335 495 1413 inpositas
511 1332 591 1393 ferre
607 1337 717 1396 ruinas

271 1473 358 1532 Odor.
387 1469 445 1531 Sed
461 1471 519 1529 iam
538 1473 620 1530 saeui
636 1471 736 1534 nubila
751 1475 802 1535 tati

224 1554 301 1634 pelle
317 1575 350 1616 ae
365 1555 492 1615 miseri
509 1553 658 1634 [tempore
672 1559 705 1617 in
720 1559 814 1640 omni]
832 1562 943 1627 dimitte
959 1575 1051 1641 nutas
1072 1533 1121 1652 333

223 1641 348 1702 redeant
362 1638 462 1701 uultus
477 1640 513 1699 ad
530 1638 561 1700 ia
571 1647 627 1700 eta
643 1640 721 1711 honi,
1073 1671 1122 1719 940

223 1735 355 1786 ueterem
372 1745 408 1786 ex
423 1725 522 1784 anima
538 1727 621 1784 mitte
637 1725 793 1805 Thyesten.
814 1765 849 1776 -

266 1876 346 1924 THY.
397 1855 531 1944 ruprium
548 1865 605 1925 hoe
620 1866 785 1936 miseros
801 1877 935 1955 sequitur
950 1877 1053 1936 uitium
1076 1873 1080 1883 “

114 1951 121 1970 ’
222 1964 382 2028 numquam
398 1951 490 2012 rebus
506 1955 629 2017 eredere
644 1955 765 2022 laetis.

222 2031 324 2093 redeat
339 2033 408 2095 felix
423 2036 540 2099 fortuna
556 2039 633 2111 lieet,

222 2124 321 2178 tamen
337 2119 461 2182 afflictus
477 2125 608 2200 gaudere
624 2129 713 2207 piget.
1071 2146 1120 2195 945

267 2305 342 2381 Thy.
360 2307 434 2378 Quid
451 2327 499 2370 me
514 2329 639 2376 reuueas
655 2315 822 2398 festumque
838 2313 921 2380 uetas'

223 2388 376 2451 celebrare
392 2393 489 2455 diem?
510 2399 579 2476 quid
597 2399 693 2461 flere
714 2402 799 2464 iubes

112 2489 115 2494 ·
221 2473 300 2533 nulia
317 2494 441 2553 surgens
457 2479 541 2540 dolor
557 2501 593 2543 ex
609 2487 715 2546 causat

223 2560 288 2635 quis
303 2578 350 2620 me
366 2563 505 2639 prohihet
520 2565 594 2629 ssure
610 2569 727 2646 decenti

223 2646 337 2706 uincire
353 2650 490 2709 cumam?
515 2652 653 2728 prohihet
668 2656 817 2732 prohihet.
1070 2670 1119 2718 950

267 2781 354 2841 Odor.
382 2783 497 2845 Vernae
513 2789 600 2864 capiti
616 2789 729 2853 fluxere
745 2812 840 2866 rusae,

116 2872 123 2889 ¹
223 2864 325 2942 pingui
340 2867 474 2928 madidus
490 2873 579 2932 crinis
595 2893 718 2948 amomo,

203 3155 254 3204 930
272 3155 355 3208 ΤΗΥ.
374 3172 421 3207 om.
442 3175 463 3208 ω
481 3161 582 3210 restitui
596 3158 608 3229 Η
625 3165 675 3214 937
694 3163 802 3218 OHOR.
822 3186 869 3222 om.
889 3190 911 3223 ω
929 3174 1020 3222 addidi
1030 3170 1042 3240 Η

133 3222 185 3272 938
203 3224 336 3288 temporis
355 3239 448 3275 omnes
467 3227 492 3276 Α
511 3232 633 3294 tempere
652 3233 681 3282 in
700 3239 774 3286 omni
790 3237 816 3286 Ε
834 3241 882 3289 det.
901 3242 966 3292 R.·P.
980 3237 1052 3306 [1942

133 3288 258 3340 THY.E
271 3294 355 3342 om.A
369 3288 380 3358 i}
392 3294 442 3344 946
455 3293 637 3353 ottonom.
651 3301 676 3348 Α
690 3303 773 3354 THY.
785 3308 880 3370 scripsi
896 3304 908 3374 ΙΙ
921 3312 969 3360 949
984 3313 1053 3374 quid

131 3373 177 3408 me
195 3359 330 3424 prohibes
349 3364 381 3414 ai.
400 3361 475 3412 NHe.
505 3359 516 3429 Η
544 3369 652 3417 recenti
671 3385 689 3418 α
712 3367 724 3436 Η
752 3375 803 3423 950
820 3377 931 3427 uincere
949 3378 975 3427 Ε
992 3380 1052 3428 uin·

133 3425 191 3476 cire
210 3424 276 3494 ΑΗ
306 3429 439 3562 Γτοὴίὴθε
457 3432 590 3496 prohibes
608 3442 639 3488 et.
658 3437 733 3488 NHa.
763 3436 774 3506 Η
803 3445 851 3495 951
872 3445 979 3498 CHOR.
1005 3463 1051 3499 om.

133 3513 164 3553 ω,
183 3501 286 3545 restatur
314 3494 318 3564 Ι
