2526 3986
163 131 205 198 88
446 149 476 196 u.
494 147 628 196 susum
643 147 798 198 suuucuu

163 287 221 349 sibi
232 289 297 367 ipse
312 287 421 350 Titan
437 288 559 350 obuium
575 289 686 349 ducens
701 291 757 350 iter

163 372 356 454 tenebrisque
371 374 486 435 facinus
501 373 609 434 obruat
624 381 733 434 tetrum
749 376 835 436 uuuis

164 476 225 520 nox
240 459 329 519 missa
346 458 383 520 ab
399 466 468 520 ertu
484 468 620 538 tempure
636 459 730 520 alieno
747 461 860 538 grauis:

128 571 132 579 ·
164 552 263 606 tamen
278 545 439 606 uidendum
457 551 517 613 est,
540 552 617 605 tota
639 544 824 622 patefiant
844 545 946 607 mala.

546 759 682 810 0110qu

133 932 150 966 a
340 899 415 972 Quo
430 899 578 962 terrarum
594 918 795 981 superumque
810 918 928 979 pareus,

294 987 378 1046 cuius
394 986 430 1046 ad
447 994 529 1046 ortus
545 989 640 1046 noetis
655 1003 766 1063 opacae

293 1069 383 1133 decus
399 1089 487 1132 omne
502 1071 592 1149 sugit,
610 1089 678 1149 quo
694 1072 786 1131 uertis
802 1073 857 1132 iter

293 1156 451 1234 medioque
467 1156 544 1216 diem
560 1156 661 1234 perdis
677 1155 820 1235 Olympo?

337 1323 504 1386 Nondum
521 1343 606 1386 serae
622 1327 742 1386 nuntius
758 1326 849 1386 horae

293 1419 436 1470 necturna
453 1420 540 1470 uocat
554 1409 665 1470 lumina
680 1410 806 1488 Vesper,

292 1495 451 1555 nondum
468 1495 623 1574 hesperiae
638 1494 752 1555 flexura
769 1503 851 1556 retae

291 1579 376 1640 iubet
391 1581 530 1641 emeritos
545 1578 663 1640 soluere
679 1597 800 1641 currus:

292 1665 454 1725 noudum
470 1667 501 1725 in
518 1672 636 1725 noctem
653 1673 796 1743 uergente
811 1665 858 1725 die

292 1751 378 1810 tertia
395 1750 474 1810 misit
488 1749 597 1810 bucina
613 1751 739 1828 signum,

292 1841 390 1912 stupet
405 1836 442 1894 ad
458 1833 571 1895 subitae
589 1841 722 1912 tempora
738 1851 828 1895 cenae

293 1918 454 1980 nondum
471 1920 556 1980 sessis
571 1918 667 1979 bubus
683 1927 790 1979 arator.

336 2089 395 2151 Cur
409 2087 530 2149 Phoebe
544 2096 611 2148 tuos
626 2089 707 2166 rapis
721 2087 896 2165 adspectus?

293 2173 379 2250 quid
394 2181 423 2234 te
438 2174 571 2234 aetherio
586 2172 700 2252 pepulit
714 2175 820 2234 eursu?

293 2276 386 2336 quae
406 2276 494 2318 causa
509 2267 576 2319 tuos

292 2341 384 2405 limite
399 2351 483 2404 certo
499 2343 607 2405 deiecit
622 2342 733 2422 equus?

335 2512 520 2594 Numquid
537 2519 641 2591 aperto
657 2530 777 2574 carcere
792 2511 866 2574 Ditis

292 2599 363 2657 uieti
378 2605 524 2677 temptant
539 2596 615 2658 bella
631 2598 782 2676 gigantes?

294 2682 472 2760 numquid
488 2682 589 2761 Tityos
605 2692 726 2760 pectere
742 2682 819 2742 iesse

292 2776 418 2826 renouat
433 2775 551 2829 ueteres
567 2769 683 2828 saucius
698 2767 778 2827 iras?

292 2868 362 2909 uum
379 2854 491 2914 reiecto
508 2851 604 2932 [lutus
618 2849 781 2930 explicuit]
798 2851 1065 2932 moute'l'ypboeus

293 2937 472 3016 numquid
494 2939 618 2997 struitur
638 2940 684 2996 uia
700 2936 886 3016 phlegraeos

1071 2854 1083 2900 φ
1102 2831 1157 2881 soe

1074 2903 1080 2914 ·
1101 2899 1157 2948 810

165 3113 274 3121 —..-—
307 3115 367 3121 ----

236 3224 284 3272 788
307 3228 374 3273 nota
391 3222 417 3273 E
446 3228 506 3272 tote
524 3224 548 3272 Α
585 3220 596 3289 Η
639 3223 773 3288 patefient
791 3227 816 3274 A
847 3224 983 3290 patefiunt
1005 3227 1032 3276 E

166 3286 311 3340 CHORVS
329 3291 381 3341 EA
414 3287 428 3357 ss
462 3292 511 3342 789
529 3296 628 3355 potens
647 3293 772 3344 eiNHe.
801 3289 812 3359 11
847 3296 896 3344 791
916 3294 1042 3344 eeeusE

166 3357 216 3404 793
238 3364 297 3418 post
314 3375 339 3408 u.
358 3360 407 3408 801
426 3361 559 3408 cetloeauit
577 3359 640 3408 ΕΡ.
718 3362 766 3411 798
793 3361 822 3410 iu
840 3365 988 3411 nocentem
1006 3361 1033 3411 Ε
1061 3377 1065 3428 q

166 3421 216 3470 809
246 3422 321 3473 letus
346 3425 480 3490 explicuit
502 3427 551 3475 dei.
575 3426 638 3476 ΕΡ.
676 3363 682 3492 )
