<?xml version="1.0" encoding="UTF-8"?>
<!DOCTYPE html PUBLIC "-//W3C//DTD XHTML 1.0 Transitional//EN"
    "http://www.w3.org/TR/xhtml1/DTD/xhtml1-transitional.dtd">
<html xmlns="http://www.w3.org/1999/xhtml" xml:lang="en" lang="en">
 <head>
  <title>
</title>
<meta http-equiv="Content-Type" content="text/html;charset=utf-8" />
  <meta name='ocr-system' content='tesseract 3.04.00' />
  <meta name='ocr-capabilities' content='ocr_page ocr_carea ocr_par ocr_line ocrx_word'/>
</head>
<body>
  <div class='ocr_page' id='page_1' title='image "./lannaeisenecaet06senegoog_0486.png"; bbox 0 0 2440 3966; ppageno 0'>
   <div class='ocr_carea' id='block_1_1' title="bbox 412 202 1064 290">
    <p class='ocr_par' dir='ltr' id='par_1_1' title="bbox 412 202 1064 290">
     <span class='ocr_line' id='line_1_1' title="bbox 412 202 1064 290; baseline -0.003 -21"><span class='ocrx_word' id='word_1_1' title='bbox 412 219 594 269; x_wconf 81' lang='lat' dir='ltr'>uuncvnus</span> <span class='ocrx_word' id='word_1_2' title='bbox 612 205 802 290; x_wconf 79' lang='lat' dir='ltr'>[onrnuvs]</span> <span class='ocrx_word' id='word_1_3' title='bbox 1000 202 1064 268; x_wconf 85' lang='lat'>433</span> 
     </span>
    </p>
   </div>
   <div class='ocr_carea' id='block_1_2' title="bbox 148 358 1150 526">
    <p class='ocr_par' dir='ltr' id='par_1_2' title="bbox 148 358 1150 526">
     <span class='ocr_line' id='line_1_2' title="bbox 148 358 1150 444; baseline -0.004 -21"><span class='ocrx_word' id='word_1_4' title='bbox 148 363 226 444; x_wconf 87' lang='lat' dir='ltr'>qued</span> <span class='ocrx_word' id='word_1_5' title='bbox 241 361 343 423; x_wconf 95' lang='lat' dir='ltr'>nulla</span> <span class='ocrx_word' id='word_1_6' title='bbox 360 363 477 440; x_wconf 87' lang='lat' dir='ltr'>pestis</span> <span class='ocrx_word' id='word_1_7' title='bbox 492 361 567 422; x_wconf 86' lang='lat' dir='ltr'>ludit</span> <span class='ocrx_word' id='word_1_8' title='bbox 581 359 734 421; x_wconf 82' lang='lat' dir='ltr'><strong>Alciden</strong></span> <span class='ocrx_word' id='word_1_9' title='bbox 750 358 870 439; x_wconf 89' lang='lat' dir='ltr'>palam</span> <span class='ocrx_word' id='word_1_10' title='bbox 1085 367 1150 419; x_wconf 81' lang='lat'>1520</span> 
     </span>
     <span class='ocr_line' id='line_1_3' title="bbox 148 443 917 526; baseline -0.007 -18"><span class='ocrx_word' id='word_1_11' title='bbox 148 465 365 526; x_wconf 88' lang='lat' dir='ltr'>omnemque</span> <span class='ocrx_word' id='word_1_12' title='bbox 380 453 520 526; x_wconf 90' lang='lat' dir='ltr'>pestem</span> <span class='ocrx_word' id='word_1_13' title='bbox 536 447 607 508; x_wconf 87' lang='lat' dir='ltr'>uicit</span> <span class='ocrx_word' id='word_1_14' title='bbox 622 444 771 506; x_wconf 83' lang='lat' dir='ltr'><strong>Alcides</strong></span> <span class='ocrx_word' id='word_1_15' title='bbox 787 443 917 522; x_wconf 84' lang='lat' dir='ltr'>palam.</span> 
     </span>
    </p>
   </div>
   <div class='ocr_carea' id='block_1_3' title="bbox 533 711 680 762">
    <p class='ocr_par' dir='ltr' id='par_1_3' title="bbox 533 711 680 762">
     <span class='ocr_line' id='line_1_4' title="bbox 533 711 680 762; baseline -0.014 0"><span class='ocrx_word' id='word_1_16' title='bbox 533 711 680 762; x_wconf 82' lang='lat' dir='ltr'>CHORVS.</span> 
     </span>
    </p>
   </div>
   <div class='ocr_carea' id='block_1_4' title="bbox 233 868 808 1288">
    <p class='ocr_par' dir='ltr' id='par_1_4' title="bbox 233 868 808 1288">
     <span class='ocr_line' id='line_1_5' title="bbox 278 868 776 931; baseline 0 -1"><span class='ocrx_word' id='word_1_17' title='bbox 278 868 302 930; x_wconf 88' lang='lat'>0</span> <span class='ocrx_word' id='word_1_18' title='bbox 318 869 408 931; x_wconf 89' lang='lat' dir='ltr'>decus</span> <span class='ocrx_word' id='word_1_19' title='bbox 424 869 525 930; x_wconf 89' lang='lat' dir='ltr'>mundi</span> <span class='ocrx_word' id='word_1_20' title='bbox 540 869 651 930; x_wconf 86' lang='lat' dir='ltr'>radiate</span> <span class='ocrx_word' id='word_1_21' title='bbox 667 869 776 930; x_wconf 82' lang='lat' dir='ltr'>Titan</span> 
     </span>
     <span class='ocr_line' id='line_1_6' title="bbox 234 953 766 1034; baseline 0.002 -20"><span class='ocrx_word' id='word_1_22' title='bbox 234 956 318 1015; x_wconf 91' lang='lat' dir='ltr'>cuius</span> <span class='ocrx_word' id='word_1_23' title='bbox 332 956 369 1015; x_wconf 87' lang='lat' dir='ltr'>ad</span> <span class='ocrx_word' id='word_1_24' title='bbox 384 955 497 1032; x_wconf 86' lang='lat' dir='ltr'>primos</span> <span class='ocrx_word' id='word_1_25' title='bbox 512 953 622 1016; x_wconf 88' lang='lat' dir='ltr'>Hecate</span> <span class='ocrx_word' id='word_1_26' title='bbox 639 973 766 1034; x_wconf 87' lang='lat' dir='ltr'>uapores</span> 
     </span>
     <span class='ocr_line' id='line_1_7' title="bbox 233 1037 765 1116; baseline 0.002 -17"><span class='ocrx_word' id='word_1_27' title='bbox 233 1037 309 1099; x_wconf 87' lang='lat' dir='ltr'>lassa</span> <span class='ocrx_word' id='word_1_28' title='bbox 325 1048 488 1102; x_wconf 86' lang='lat' dir='ltr'>nocturnae</span> <span class='ocrx_word' id='word_1_29' title='bbox 504 1038 583 1101; x_wconf 90' lang='lat' dir='ltr'>leuat</span> <span class='ocrx_word' id='word_1_30' title='bbox 597 1057 650 1100; x_wconf 84' lang='lat' dir='ltr'>ora</span> <span class='ocrx_word' id='word_1_31' title='bbox 665 1039 765 1116; x_wconf 82' lang='lat' dir='ltr'>bigae,</span> 
     </span>
     <span class='ocr_line' id='line_1_8' title="bbox 233 1123 808 1204; baseline 0.003 -20"><span class='ocrx_word' id='word_1_32' title='bbox 233 1125 292 1185; x_wconf 87' lang='lat' dir='ltr'>dic</span> <span class='ocrx_word' id='word_1_33' title='bbox 308 1123 374 1185; x_wconf 93' lang='lat' dir='ltr'>snb</span> <span class='ocrx_word' id='word_1_34' title='bbox 389 1129 504 1186; x_wconf 85' lang='lat' dir='ltr'>Aurora</span> <span class='ocrx_word' id='word_1_35' title='bbox 520 1125 657 1204; x_wconf 86' lang='lat' dir='ltr'>positis</span> <span class='ocrx_word' id='word_1_36' title='bbox 673 1123 808 1193; x_wconf 81' lang='lat' dir='ltr'>Sabaeis,</span> 
     </span>
     <span class='ocr_line' id='line_1_9' title="bbox 233 1202 791 1288; baseline 0.002 -20"><span class='ocrx_word' id='word_1_37' title='bbox 233 1209 290 1270; x_wconf 89' lang='lat' dir='ltr'>dic</span> <span class='ocrx_word' id='word_1_38' title='bbox 306 1202 369 1272; x_wconf 89' lang='lat' dir='ltr'>sub</span> <span class='ocrx_word' id='word_1_39' title='bbox 386 1227 494 1270; x_wconf 85' lang='lat' dir='ltr'>occasu</span> <span class='ocrx_word' id='word_1_40' title='bbox 508 1209 611 1288; x_wconf 88' lang='lat' dir='ltr'>positis</span> <span class='ocrx_word' id='word_1_41' title='bbox 627 1207 791 1277; x_wconf 84' lang='lat' dir='ltr'>Hiberis.</span> 
     </span>
    </p>
   </div>
   <div class='ocr_carea' id='block_1_5' title="bbox 234 1376 963 1792">
    <p class='ocr_par' dir='ltr' id='par_1_5' title="bbox 234 1376 963 1792">
     <span class='ocr_line' id='line_1_10' title="bbox 277 1376 963 1459; baseline -0.001 -22"><span class='ocrx_word' id='word_1_42' title='bbox 277 1376 419 1458; x_wconf 82' lang='lat' dir='ltr'>Quique</span> <span class='ocrx_word' id='word_1_43' title='bbox 434 1378 500 1439; x_wconf 90' lang='lat' dir='ltr'>sub</span> <span class='ocrx_word' id='word_1_44' title='bbox 516 1376 650 1456; x_wconf 87' lang='lat' dir='ltr'>plaustro</span> <span class='ocrx_word' id='word_1_45' title='bbox 666 1379 861 1459; x_wconf 86' lang='lat' dir='ltr'>patiuntur</span> <span class='ocrx_word' id='word_1_46' title='bbox 877 1394 963 1437; x_wconf 86' lang='lat' dir='ltr'>ursae</span> 
     </span>
     <span class='ocr_line' id='line_1_11' title="bbox 235 1462 851 1540; baseline 0.005 -19"><span class='ocrx_word' id='word_1_47' title='bbox 235 1463 371 1540; x_wconf 90' lang='lat' dir='ltr'>quique</span> <span class='ocrx_word' id='word_1_48' title='bbox 388 1462 515 1523; x_wconf 82' lang='lat' dir='ltr'>feruenti</span> <span class='ocrx_word' id='word_1_49' title='bbox 531 1466 754 1540; x_wconf 90' lang='lat' dir='ltr'>quatiuntur</span> <span class='ocrx_word' id='word_1_50' title='bbox 771 1482 851 1537; x_wconf 85' lang='lat' dir='ltr'>axe,</span> 
     </span>
     <span class='ocr_line' id='line_1_12' title="bbox 236 1545 794 1625; baseline 0.004 -20"><span class='ocrx_word' id='word_1_51' title='bbox 236 1545 292 1605; x_wconf 90' lang='lat' dir='ltr'>dic</span> <span class='ocrx_word' id='word_1_52' title='bbox 308 1545 344 1604; x_wconf 87' lang='lat' dir='ltr'>ad</span> <span class='ocrx_word' id='word_1_53' title='bbox 361 1554 498 1607; x_wconf 88' lang='lat' dir='ltr'>aeternos</span> <span class='ocrx_word' id='word_1_54' title='bbox 513 1564 677 1625; x_wconf 87' lang='lat' dir='ltr'>properare</span> <span class='ocrx_word' id='word_1_55' title='bbox 693 1565 794 1608; x_wconf 88' lang='lat' dir='ltr'>manes</span> 
     </span>
     <span class='ocr_line' id='line_1_13' title="bbox 234 1628 854 1711; baseline 0 -21"><span class='ocrx_word' id='word_1_56' title='bbox 234 1628 432 1690; x_wconf 83' lang='lat' dir='ltr'>Herculem</span> <span class='ocrx_word' id='word_1_57' title='bbox 449 1638 477 1690; x_wconf 91' lang='lat' dir='ltr'>et</span> <span class='ocrx_word' id='word_1_58' title='bbox 492 1647 622 1708; x_wconf 33' lang='lat' dir='ltr'>regnum,</span> <span class='ocrx_word' id='word_1_59' title='bbox 634 1633 714 1710; x_wconf 87' lang='lat' dir='ltr'>canis</span> <span class='ocrx_word' id='word_1_60' title='bbox 730 1631 854 1711; x_wconf 83' lang='lat' dir='ltr'>inquieti</span> 
     </span>
     <span class='ocr_line' id='line_1_14' title="bbox 235 1713 806 1792; baseline 0.002 -18"><span class='ocrx_word' id='word_1_61' title='bbox 235 1713 315 1774; x_wconf 90' lang='lat' dir='ltr'>unde</span> <span class='ocrx_word' id='word_1_62' title='bbox 331 1732 391 1774; x_wconf 91' lang='lat' dir='ltr'>non</span> <span class='ocrx_word' id='word_1_63' title='bbox 408 1732 546 1792; x_wconf 90' lang='lat' dir='ltr'>umquam</span> <span class='ocrx_word' id='word_1_64' title='bbox 563 1717 707 1776; x_wconf 87' lang='lat' dir='ltr'>remeauit</span> <span class='ocrx_word' id='word_1_65' title='bbox 721 1714 806 1776; x_wconf 77' lang='lat' dir='ltr'>ullus</span> 
     </span>
    </p>
   </div>
   <div class='ocr_carea' id='block_1_6' title="bbox 234 1883 1155 2303">
    <p class='ocr_par' dir='ltr' id='par_1_6' title="bbox 234 1883 1155 2303">
     <span class='ocr_line' id='line_1_15' title="bbox 281 1883 879 1964; baseline 0 -20"><span class='ocrx_word' id='word_1_66' title='bbox 281 1883 371 1945; x_wconf 90' lang='lat' dir='ltr'>Sume</span> <span class='ocrx_word' id='word_1_67' title='bbox 387 1883 572 1964; x_wconf 70' lang='lat' dir='ltr'>qucs&#39;nubes</span> <span class='ocrx_word' id='word_1_68' title='bbox 587 1884 686 1946; x_wconf 87' lang='lat' dir='ltr'>radies</span> <span class='ocrx_word' id='word_1_69' title='bbox 702 1891 879 1964; x_wconf 91' lang='lat' dir='ltr'>sequantur,</span> 
     </span>
     <span class='ocr_line' id='line_1_16' title="bbox 236 1967 786 2047; baseline 0.004 -19"><span class='ocrx_word' id='word_1_70' title='bbox 236 1967 362 2046; x_wconf 89' lang='lat' dir='ltr'>pallidus</span> <span class='ocrx_word' id='word_1_71' title='bbox 377 1977 505 2030; x_wconf 88' lang='lat' dir='ltr'>maestas</span> <span class='ocrx_word' id='word_1_72' title='bbox 520 1968 675 2047; x_wconf 83' lang='lat' dir='ltr'>speculare</span> <span class='ocrx_word' id='word_1_73' title='bbox 691 1977 786 2030; x_wconf 87' lang='lat' dir='ltr'>terras</span> 
     </span>
     <span class='ocr_line' id='line_1_17' title="bbox 237 2053 808 2132; baseline -0.004 -18"><span class='ocrx_word' id='word_1_74' title='bbox 237 2062 266 2114; x_wconf 91' lang='lat' dir='ltr'>et</span> <span class='ocrx_word' id='word_1_75' title='bbox 280 2061 368 2131; x_wconf 90' lang='lat' dir='ltr'>caput</span> <span class='ocrx_word' id='word_1_76' title='bbox 382 2061 484 2130; x_wconf 82' lang='lat' dir='ltr'>turpes</span> <span class='ocrx_word' id='word_1_77' title='bbox 501 2053 631 2115; x_wconf 85' lang='lat' dir='ltr'>nebulae·</span> <span class='ocrx_word' id='word_1_78' title='bbox 642 2060 808 2132; x_wconf 88' lang='lat' dir='ltr'>pererrent.</span> 
     </span>
     <span class='ocr_line' id='line_1_18' title="bbox 236 2138 1155 2228; baseline 0.003 -30"><span class='ocrx_word' id='word_1_79' title='bbox 236 2139 354 2216; x_wconf 87' lang='lat' dir='ltr'>quando</span> <span class='ocrx_word' id='word_1_80' title='bbox 369 2156 424 2216; x_wconf 93' lang='lat' dir='ltr'>pro</span> <span class='ocrx_word' id='word_1_81' title='bbox 441 2138 546 2228; x_wconf 59' lang='lat' dir='ltr'>Titan</span> <span class='ocrx_word' id='word_1_82' title='bbox 562 2138 612 2199; x_wconf 90' lang='lat' dir='ltr'>ubl</span> <span class='ocrx_word' id='word_1_83' title='bbox 629 2159 687 2218; x_wconf 92' lang='lat' dir='ltr'>quo</span> <span class='ocrx_word' id='word_1_84' title='bbox 704 2139 853 2200; x_wconf 76' lang='lat' dir='ltr'>subare</span> <span class='ocrx_word' id='word_1_85' title='bbox 1090 2146 1155 2196; x_wconf 82' lang='grc'><strong>1535</strong></span> 
     </span>
     <span class='ocr_line' id='line_1_19' title="bbox 234 2222 859 2303; baseline -0.002 -20"><span class='ocrx_word' id='word_1_86' title='bbox 234 2222 430 2284; x_wconf 84' lang='lat' dir='ltr'>Herculem</span> <span class='ocrx_word' id='word_1_87' title='bbox 446 2225 482 2283; x_wconf 87' lang='lat' dir='ltr'>in</span> <span class='ocrx_word' id='word_1_88' title='bbox 498 2225 586 2284; x_wconf 89' lang='lat' dir='ltr'>terris</span> <span class='ocrx_word' id='word_1_89' title='bbox 602 2223 691 2284; x_wconf 92' lang='lat' dir='ltr'>alium</span> <span class='ocrx_word' id='word_1_90' title='bbox 708 2223 859 2303; x_wconf 80' lang='lat' dir='ltr'>sequeris?</span> 
     </span>
    </p>
   </div>
   <div class='ocr_carea' id='block_1_7' title="bbox 237 2391 1156 2722">
    <p class='ocr_par' dir='ltr' id='par_1_7' title="bbox 237 2391 1156 2722">
     <span class='ocr_line' id='line_1_20' title="bbox 280 2391 1154 2464; baseline 0.002 -14"><span class='ocrx_word' id='word_1_91' title='bbox 280 2392 360 2462; x_wconf 86' lang='lat' dir='ltr'>Quas</span> <span class='ocrx_word' id='word_1_92' title='bbox 374 2410 481 2452; x_wconf 92' lang='lat' dir='ltr'>manus</span> <span class='ocrx_word' id='word_1_93' title='bbox 497 2394 578 2453; x_wconf 87' lang='lat' dir='ltr'>urbis</span> <span class='ocrx_word' id='word_1_94' title='bbox 594 2395 685 2453; x_wconf 89' lang='lat' dir='ltr'>miser</span> <span class='ocrx_word' id='word_1_95' title='bbox 699 2391 866 2464; x_wconf 88' lang='lat' dir='ltr'>inuocabit,</span> <span class='ocrx_word' id='word_1_96' title='bbox 1090 2401 1154 2448; x_wconf 79' lang='grc'><strong>1537</strong></span> 
     </span>
     <span class='ocr_line' id='line_1_21' title="bbox 238 2475 1155 2556; baseline -0.002 -22"><span class='ocrx_word' id='word_1_97' title='bbox 238 2475 368 2536; x_wconf 87' lang='lat' dir='ltr'>thraciae</span> <span class='ocrx_word' id='word_1_98' title='bbox 383 2479 414 2535; x_wconf 90' lang='lat' dir='ltr'>si</span> <span class='ocrx_word' id='word_1_99' title='bbox 430 2479 512 2556; x_wconf 90' lang='lat' dir='ltr'>quis</span> <span class='ocrx_word' id='word_1_100' title='bbox 529 2477 666 2556; x_wconf 86' lang='lat' dir='ltr'>Rodopes</span> <span class='ocrx_word' id='word_1_101' title='bbox 682 2476 819 2539; x_wconf 90' lang='lat' dir='ltr'>alumnus</span> <span class='ocrx_word' id='word_1_102' title='bbox 1090 2485 1155 2534; x_wconf 80' lang='lat'>1542</span> 
     </span>
     <span class='ocr_line' id='line_1_22' title="bbox 238 2559 1149 2624; baseline 0.002 -4"><span class='ocrx_word' id='word_1_103' title='bbox 238 2559 343 2620; x_wconf 87' lang='lat' dir='ltr'>durior</span> <span class='ocrx_word' id='word_1_104' title='bbox 358 2563 446 2621; x_wconf 90' lang='lat' dir='ltr'>terris</span> <span class='ocrx_word' id='word_1_105' title='bbox 462 2561 578 2622; x_wconf 85' lang='lat' dir='ltr'>Helices</span> <span class='ocrx_word' id='word_1_106' title='bbox 594 2564 715 2624; x_wconf 86' lang='lat' dir='ltr'>niuosae</span> <span class='ocrx_word' id='word_1_107' title='bbox 1028 2574 1051 2614; x_wconf 72' lang='lat' dir='ltr'>F·</span> <span class='ocrx_word' id='word_1_108' title='bbox 1067 2575 1149 2616; x_wconf 71' lang='lat' dir='ltr'>ctvlu</span> 
     </span>
     <span class='ocr_line' id='line_1_23' title="bbox 237 2646 1156 2722; baseline 0.005 -19"><span class='ocrx_word' id='word_1_109' title='bbox 237 2652 339 2722; x_wconf 85' lang='lat' dir='ltr'>pascet</span> <span class='ocrx_word' id='word_1_110' title='bbox 354 2646 483 2707; x_wconf 88' lang='lat' dir='ltr'>humane</span> <span class='ocrx_word' id='word_1_111' title='bbox 499 2646 648 2708; x_wconf 89' lang='lat' dir='ltr'>stabulum</span> <span class='ocrx_word' id='word_1_112' title='bbox 664 2647 791 2707; x_wconf 81' lang='lat' dir='ltr'>cruore?</span> <span class='ocrx_word' id='word_1_113' title='bbox 1090 2659 1156 2708; x_wconf 74' lang='lat'>1544</span> 
     </span>
    </p>
   </div>
   <div class='ocr_carea' id='block_1_8' title="bbox 156 2803 356 2814">
    <p class='ocr_par' dir='ltr' id='par_1_8' title="bbox 156 2803 356 2814">
     <span class='ocr_line' id='line_1_24' title="bbox 156 2803 356 2814; baseline 0 -2"><span class='ocrx_word' id='word_1_114' title='bbox 156 2803 356 2814; x_wconf 78' lang='lat'>————</span> 
     </span>
    </p>
   </div>
   <div class='ocr_carea' id='block_1_9' title="bbox 151 2894 1072 3578">
    <p class='ocr_par' dir='ltr' id='par_1_9' title="bbox 151 2894 1072 3578">
     <span class='ocr_line' id='line_1_25' title="bbox 223 2894 1071 2966; baseline 0.002 -19"><span class='ocrx_word' id='word_1_115' title='bbox 223 2899 289 2948; x_wconf 77' lang='grc'><strong>1520</strong></span> <span class='ocrx_word' id='word_1_116' title='bbox 300 2898 373 2948; x_wconf 84' lang='lat' dir='ltr'>fudit</span> <span class='ocrx_word' id='word_1_117' title='bbox 385 2898 410 2948; x_wconf 99' lang='grc' dir='ltr'><em>Ε</em></span> <span class='ocrx_word' id='word_1_118' title='bbox 422 2899 492 2948; x_wconf 85' lang='lat' dir='ltr'>uicit</span> <span class='ocrx_word' id='word_1_119' title='bbox 503 2901 528 2950; x_wconf 86' lang='lat' dir='ltr'><em>A</em></span> <span class='ocrx_word' id='word_1_120' title='bbox 540 2894 552 2965; x_wconf 79' lang='lat' dir='ltr'>ll</span> <span class='ocrx_word' id='word_1_121' title='bbox 565 2903 629 2951; x_wconf 80' lang='grc'><strong>1521</strong></span> <span class='ocrx_word' id='word_1_122' title='bbox 643 2900 794 2966; x_wconf 89' lang='lat' dir='ltr'>Omemque</span> <span class='ocrx_word' id='word_1_123' title='bbox 804 2898 864 2965; x_wconf 82' lang='lat' dir='ltr'>(sic)</span> <span class='ocrx_word' id='word_1_124' title='bbox 875 2901 899 2950; x_wconf 83' lang='lat' dir='ltr'><em>E</em></span> <span class='ocrx_word' id='word_1_125' title='bbox 912 2915 991 2951; x_wconf 85' lang='lat' dir='ltr'>omne</span> <span class='ocrx_word' id='word_1_126' title='bbox 999 2915 1011 2950; x_wconf 89' lang='lat' dir='ltr'>s</span> <span class='ocrx_word' id='word_1_127' title='bbox 1019 2915 1071 2963; x_wconf 89' lang='lat' dir='ltr'>que</span> 
     </span>
     <span class='ocr_line' id='line_1_26' title="bbox 152 2962 1069 3034; baseline 0.004 -19"><span class='ocrx_word' id='word_1_128' title='bbox 152 2969 252 3030; x_wconf 85' lang='lat' dir='ltr'>pestes</span> <span class='ocrx_word' id='word_1_129' title='bbox 270 2965 321 3016; x_wconf 89' lang='lat' dir='ltr'>Bo.</span> <span class='ocrx_word' id='word_1_130' title='bbox 343 2962 357 3032; x_wconf 76' lang='lat' dir='ltr'>l]</span> <span class='ocrx_word' id='word_1_131' title='bbox 380 2965 524 3018; x_wconf 83' lang='lat' dir='ltr'>OHORVS</span> <span class='ocrx_word' id='word_1_132' title='bbox 542 2969 568 3018; x_wconf 98' lang='lat' dir='ltr'><em>A</em></span> <span class='ocrx_word' id='word_1_133' title='bbox 581 2969 667 3020; x_wconf 83' lang='lat' dir='ltr'><em>om.·E</em></span> <span class='ocrx_word' id='word_1_134' title='bbox 689 2965 701 3034; x_wconf 78' lang='lat' dir='ltr'>ll</span> <span class='ocrx_word' id='word_1_135' title='bbox 725 2971 791 3020; x_wconf 74' lang='lat'>1522</span> <span class='ocrx_word' id='word_1_136' title='bbox 810 2967 894 3020; x_wconf 84' lang='lat' dir='ltr'>OHO.</span> <span class='ocrx_word' id='word_1_137' title='bbox 913 2969 939 3018; x_wconf 94' lang='grc' dir='ltr'><em>Ε</em></span> <span class='ocrx_word' id='word_1_138' title='bbox 951 2985 997 3019; x_wconf 84' lang='lat' dir='ltr'>om.</span> <span class='ocrx_word' id='word_1_139' title='bbox 1011 2969 1036 3018; x_wconf 90' lang='lat' dir='ltr'><em>A</em></span> <span class='ocrx_word' id='word_1_140' title='bbox 1057 2965 1069 3031; x_wconf 80' lang='lat' dir='ltr'>ll</span> 
     </span>
     <span class='ocr_line' id='line_1_27' title="bbox 154 3033 1072 3103; baseline 0 -19"><span class='ocrx_word' id='word_1_141' title='bbox 154 3035 221 3084; x_wconf 76' lang='lat'>1527</span> <span class='ocrx_word' id='word_1_142' title='bbox 241 3035 306 3084; x_wconf 78' lang='grc'><strong>1528</strong></span> <span class='ocrx_word' id='word_1_143' title='bbox 329 3038 466 3098; x_wconf 73' lang='lat' dir='ltr'>computari</span> <span class='ocrx_word' id='word_1_144' title='bbox 482 3037 508 3085; x_wconf 92' lang='lat' dir='ltr'><em>A</em></span> <span class='ocrx_word' id='word_1_145' title='bbox 530 3044 602 3088; x_wconf 84' lang='lat' dir='ltr'>recto</span> <span class='ocrx_word' id='word_1_146' title='bbox 624 3037 715 3087; x_wconf 83' lang='lat' dir='ltr'>ordine</span> <span class='ocrx_word' id='word_1_147' title='bbox 738 3037 799 3088; x_wconf 80' lang='lat' dir='ltr'>ER</span> <span class='ocrx_word' id='word_1_148' title='bbox 820 3033 831 3103; x_wconf 82' lang='grc' dir='ltr'>Ι]</span> <span class='ocrx_word' id='word_1_149' title='bbox 861 3037 927 3086; x_wconf 81' lang='grc'><strong>1528</strong></span> <span class='ocrx_word' id='word_1_150' title='bbox 949 3037 1072 3086; x_wconf 77' lang='lat' dir='ltr'>feruenti</span> 
     </span>
     <span class='ocr_line' id='line_1_28' title="bbox 153 3099 1071 3170; baseline 0.004 -20"><span class='ocrx_word' id='word_1_151' title='bbox 153 3102 316 3165; x_wconf 84' lang='lat' dir='ltr'>quatiuntur</span> <span class='ocrx_word' id='word_1_152' title='bbox 329 3118 379 3152; x_wconf 79' lang='lat' dir='ltr'>exe</span> <span class='ocrx_word' id='word_1_153' title='bbox 397 3103 423 3152; x_wconf 94' lang='grc' dir='ltr'><em>Ε</em></span> <span class='ocrx_word' id='word_1_154' title='bbox 441 3103 595 3155; x_wconf 78' lang='lat' dir='ltr'>sementem</span> <span class='ocrx_word' id='word_1_155' title='bbox 613 3103 757 3170; x_wconf 71' lang='lat' dir='ltr'>patiuntur</span> <span class='ocrx_word' id='word_1_156' title='bbox 775 3120 855 3154; x_wconf 81' lang='lat' dir='ltr'>axem</span> <span class='ocrx_word' id='word_1_157' title='bbox 873 3105 898 3154; x_wconf 88' lang='lat' dir='ltr'><em>A</em></span> <span class='ocrx_word' id='word_1_158' title='bbox 911 3099 922 3170; x_wconf 79' lang='grc' dir='ltr'>Η</span> <span class='ocrx_word' id='word_1_159' title='bbox 935 3105 1000 3154; x_wconf 77' lang='lat'><strong>1529</strong></span> <span class='ocrx_word' id='word_1_160' title='bbox 1018 3104 1071 3154; x_wconf 91' lang='lat' dir='ltr'>Die</span> 
     </span>
     <span class='ocr_line' id='line_1_29' title="bbox 152 3168 1071 3239; baseline 0 -19"><span class='ocrx_word' id='word_1_161' title='bbox 152 3169 203 3220; x_wconf 90' lang='lat' dir='ltr'>sub</span> <span class='ocrx_word' id='word_1_162' title='bbox 224 3173 278 3222; x_wconf 81' lang='lat' dir='ltr'>aet.</span> <span class='ocrx_word' id='word_1_163' title='bbox 296 3169 322 3220; x_wconf 95' lang='grc' dir='ltr'><em>Ε</em></span> <span class='ocrx_word' id='word_1_164' title='bbox 351 3171 405 3220; x_wconf 86' lang='lat' dir='ltr'>Dic</span> <span class='ocrx_word' id='word_1_165' title='bbox 424 3170 459 3222; x_wconf 84' lang='lat' dir='ltr'>ad</span> <span class='ocrx_word' id='word_1_166' title='bbox 478 3177 532 3223; x_wconf 80' lang='lat' dir='ltr'>aet.</span> <span class='ocrx_word' id='word_1_167' title='bbox 551 3175 576 3224; x_wconf 91' lang='lat' dir='ltr'><em>A</em></span> <span class='ocrx_word' id='word_1_168' title='bbox 599 3168 611 3239; x_wconf 80' lang='grc' dir='ltr'>ΙΙ</span> <span class='ocrx_word' id='word_1_169' title='bbox 636 3175 701 3223; x_wconf 93' lang='grc'><strong>1531</strong></span> <span class='ocrx_word' id='word_1_170' title='bbox 724 3186 779 3222; x_wconf 86' lang='lat' dir='ltr'>non</span> <span class='ocrx_word' id='word_1_171' title='bbox 796 3187 945 3236; x_wconf 81' lang='lat' dir='ltr'>numquam</span> <span class='ocrx_word' id='word_1_172' title='bbox 962 3171 989 3222; x_wconf 94' lang='grc' dir='ltr'><em>Ε</em></span> <span class='ocrx_word' id='word_1_173' title='bbox 1017 3187 1071 3221; x_wconf 88' lang='lat' dir='ltr'>non</span> 
     </span>
     <span class='ocr_line' id='line_1_30' title="bbox 152 3235 1071 3306; baseline 0.004 -20"><span class='ocrx_word' id='word_1_174' title='bbox 152 3252 275 3301; x_wconf 80' lang='lat' dir='ltr'>unquam</span> <span class='ocrx_word' id='word_1_175' title='bbox 293 3239 318 3290; x_wconf 87' lang='lat' dir='ltr'><em>A</em></span> <span class='ocrx_word' id='word_1_176' title='bbox 334 3235 347 3304; x_wconf 84' lang='grc' dir='ltr'>[Ι</span> <span class='ocrx_word' id='word_1_177' title='bbox 367 3253 434 3288; x_wconf 89' lang='lat' dir='ltr'>rem.</span> <span class='ocrx_word' id='word_1_178' title='bbox 452 3239 516 3292; x_wconf 83' lang='lat' dir='ltr'>inde</span> <span class='ocrx_word' id='word_1_179' title='bbox 538 3241 560 3290; x_wconf 93' lang='grc' dir='ltr'><em>Ε</em></span> <span class='ocrx_word' id='word_1_180' title='bbox 578 3257 645 3292; x_wconf 86' lang='lat' dir='ltr'>rem.</span> <span class='ocrx_word' id='word_1_181' title='bbox 663 3239 737 3290; x_wconf 83' lang='lat' dir='ltr'>ullus</span> <span class='ocrx_word' id='word_1_182' title='bbox 756 3241 781 3291; x_wconf 94' lang='lat' dir='ltr'><em>A</em></span> <span class='ocrx_word' id='word_1_183' title='bbox 794 3236 805 3306; x_wconf 82' lang='grc' dir='ltr'>ΙΙ</span> <span class='ocrx_word' id='word_1_184' title='bbox 822 3243 889 3292; x_wconf 85' lang='grc'><strong>1533</strong></span> <span class='ocrx_word' id='word_1_185' title='bbox 909 3239 1071 3304; x_wconf 81' lang='lat' dir='ltr'>Squalidus</span> 
     </span>
     <span class='ocr_line' id='line_1_31' title="bbox 153 3305 1071 3376; baseline 0.004 -22"><span class='ocrx_word' id='word_1_186' title='bbox 153 3305 230 3356; x_wconf 84' lang='lat' dir='ltr'>NHc.</span> <span class='ocrx_word' id='word_1_187' title='bbox 243 3323 279 3357; x_wconf 80' lang='lat' dir='ltr'>ear</span> <span class='ocrx_word' id='word_1_188' title='bbox 292 3305 365 3362; x_wconf 83' lang='lat' dir='ltr'>Ouid.</span> <span class='ocrx_word' id='word_1_189' title='bbox 376 3307 417 3357; x_wconf 91' lang='lat' dir='ltr'>M.</span> <span class='ocrx_word' id='word_1_190' title='bbox 429 3307 465 3357; x_wconf 92' lang='lat' dir='ltr'>II</span> <span class='ocrx_word' id='word_1_191' title='bbox 477 3311 537 3362; x_wconf 85' lang='grc'><strong>381.</strong></span> <span class='ocrx_word' id='word_1_192' title='bbox 554 3305 566 3376; x_wconf 75' lang='lat' dir='ltr'>ll</span> <span class='ocrx_word' id='word_1_193' title='bbox 584 3311 649 3360; x_wconf 90' lang='grc'><strong>1535</strong></span> <span class='ocrx_word' id='word_1_194' title='bbox 663 3323 715 3372; x_wconf 88' lang='lat' dir='ltr'>quo</span> <span class='ocrx_word' id='word_1_195' title='bbox 728 3308 778 3358; x_wconf 84' lang='lat' dir='ltr'>sub</span> <span class='ocrx_word' id='word_1_196' title='bbox 792 3324 844 3358; x_wconf 80' lang='lat' dir='ltr'>axe</span> <span class='ocrx_word' id='word_1_197' title='bbox 858 3307 964 3358; x_wconf 73' lang='lat' dir='ltr'>EHHE</span> <span class='ocrx_word' id='word_1_198' title='bbox 982 3322 1071 3372; x_wconf 90' lang='lat' dir='ltr'>quoue</span> 
     </span>
     <span class='ocr_line' id='line_1_32' title="bbox 153 3371 1071 3444; baseline 0.004 -22"><span class='ocrx_word' id='word_1_199' title='bbox 153 3387 256 3424; x_wconf 84' lang='lat' dir='ltr'>summo</span> <span class='ocrx_word' id='word_1_200' title='bbox 269 3375 295 3425; x_wconf 88' lang='lat' dir='ltr'><em>A</em></span> <span class='ocrx_word' id='word_1_201' title='bbox 318 3371 329 3442; x_wconf 77' lang='lat' dir='ltr'>ll</span> <span class='ocrx_word' id='word_1_202' title='bbox 354 3376 420 3426; x_wconf 82' lang='grc'><strong>1537</strong></span> <span class='ocrx_word' id='word_1_203' title='bbox 439 3377 584 3427; x_wconf 79' lang='lat' dir='ltr'>inuoenbit</span> <span class='ocrx_word' id='word_1_204' title='bbox 596 3379 621 3428; x_wconf 95' lang='grc' dir='ltr'><em>Ε</em></span> <span class='ocrx_word' id='word_1_205' title='bbox 638 3377 784 3426; x_wconf 80' lang='lat' dir='ltr'>inuocebis</span> <span class='ocrx_word' id='word_1_206' title='bbox 796 3378 822 3427; x_wconf 88' lang='lat' dir='ltr'><em>A</em></span> <span class='ocrx_word' id='word_1_207' title='bbox 845 3371 857 3444; x_wconf 79' lang='lat' dir='ltr'>ll</span> <span class='ocrx_word' id='word_1_208' title='bbox 876 3383 938 3441; x_wconf 82' lang='lat' dir='ltr'>post</span> <span class='ocrx_word' id='word_1_209' title='bbox 949 3377 973 3426; x_wconf 83' lang='lat' dir='ltr'>b.</span> <span class='ocrx_word' id='word_1_210' title='bbox 985 3393 1010 3428; x_wconf 85' lang='lat' dir='ltr'>u.</span> <span class='ocrx_word' id='word_1_211' title='bbox 1029 3393 1071 3427; x_wconf 81' lang='lat' dir='ltr'>re·</span> 
     </span>
     <span class='ocr_line' id='line_1_33' title="bbox 151 3441 1072 3512; baseline 0.003 -22"><span class='ocrx_word' id='word_1_212' title='bbox 151 3442 478 3504; x_wconf 79' lang='lat' dir='ltr'>poscinu.1542—1544</span> <span class='ocrx_word' id='word_1_213' title='bbox 502 3441 515 3512; x_wconf 75' lang='lat' dir='ltr'>ll</span> <span class='ocrx_word' id='word_1_214' title='bbox 537 3447 604 3496; x_wconf 78' lang='lat'>1544</span> <span class='ocrx_word' id='word_1_215' title='bbox 627 3443 747 3509; x_wconf 82' lang='lat' dir='ltr'>Sparget</span> <span class='ocrx_word' id='word_1_216' title='bbox 765 3445 816 3495; x_wconf 88' lang='grc' dir='ltr'>εΑ</span> <span class='ocrx_word' id='word_1_217' title='bbox 846 3445 969 3496; x_wconf 79' lang='lat' dir='ltr'>Pascet</span> <span class='ocrx_word' id='word_1_218' title='bbox 994 3444 1072 3498; x_wconf 78' lang='lat' dir='ltr'>Gran</span> 
     </span>
     <span class='ocr_line' id='line_1_34' title="bbox 154 3508 585 3578; baseline 0.016 -21"><span class='ocrx_word' id='word_1_219' title='bbox 154 3511 219 3560; x_wconf 87' lang='lat' dir='ltr'>conl.</span> <span class='ocrx_word' id='word_1_220' title='bbox 238 3526 262 3562; x_wconf 84' lang='lat' dir='ltr'>u.</span> <span class='ocrx_word' id='word_1_221' title='bbox 276 3513 342 3562; x_wconf 84' lang='grc'><strong>1539</strong></span> <span class='ocrx_word' id='word_1_222' title='bbox 354 3508 365 3578; x_wconf 81' lang='grc' dir='ltr'>Ι]</span> <span class='ocrx_word' id='word_1_223' title='bbox 377 3511 509 3577; x_wconf 84' lang='lat' dir='ltr'>pabulum</span> <span class='ocrx_word' id='word_1_224' title='bbox 527 3513 550 3563; x_wconf 86' lang='lat' dir='ltr'><em>R</em></span> <span class='ocrx_word' id='word_1_225' title='bbox 573 3509 585 3578; x_wconf 88' lang='grc' dir='ltr'>ΙΙ</span> 
     </span>
    </p>
   </div>
   <div class='ocr_carea' id='block_1_10' title="bbox 208 3594 868 3658">
    <p class='ocr_par' dir='ltr' id='par_1_10' title="bbox 208 3594 868 3658">
     <span class='ocr_line' id='line_1_35' title="bbox 208 3594 868 3658; baseline 0.012 -15"><span class='ocrx_word' id='word_1_226' title='bbox 208 3609 329 3645; x_wconf 71' lang='lat' dir='ltr'>senense</span> <span class='ocrx_word' id='word_1_227' title='bbox 350 3611 432 3646; x_wconf 73' lang='lat' dir='ltr'>nune.</span> <span class='ocrx_word' id='word_1_228' title='bbox 826 3594 868 3658; x_wconf 82' lang='lat'>28</span> 
     </span>
    </p>
   </div>
   <div class='ocr_carea' id='block_1_11' title="bbox 0 0 1232 3966">
    <p class='ocr_par' dir='ltr' id='par_1_11' title="bbox 0 0 1232 3966">
     <span class='ocr_line' id='line_1_36' title="bbox 0 0 1232 3966; baseline 0 0"><span class='ocrx_word' id='word_1_229' title='bbox 0 0 1232 3966; x_wconf 95' lang='lat' dir='ltr'> </span> 
     </span>
    </p>
   </div>
  </div>
 </body>
</html>
