2526 3986
456 176 487 222 t.
505 173 640 224 auitam
657 173 813 220 SENECAE

327 323 357 379 et
371 321 523 394 sceptrum
539 312 652 376 scelere
667 311 809 392 aggredi?

327 404 448 463 nescitis
463 399 563 480 cupidi
579 399 692 460 arcium

326 504 453 564 ragnum
468 505 527 566 quo
543 487 637 546 iaceat
651 483 726 542 ioco.

371 657 484 734 Regem
499 671 560 714 non
575 654 688 714 iaciunt
702 669 783 731 opes,

327 760 400 803 non
415 742 506 803 uestis
520 740 614 818 tyriae
629 736 722 805 color,

325 845 345 886 n
354 845 399 887 ou
412 827 519 887 ironiis
533 829 603 882 nuta
617 823 726 899 regiae.

326 930 400 972 nou
416 929 489 972 auro
506 909 615 968 nitidae
630 907 725 966 iuras:

331 994 404 1082 [non
418 996 565 1072 quicquid
573 993 660 1066 fodit
675 993 816 1052 occidens

328 1089 383 1143 aut
397 1083 482 1142 unda
500 1080 604 1152 Taum
619 1094 716 1138 aurea

326 1170 413 1229 claro
428 1167 549 1226 devehit
564 1157 675 1244 aluam]

327 1269 400 1311 uon
417 1249 555 1330 quicquid
572 1246 676 1326 libycis
692 1246 759 1307 ierit

326 1337 447 1396 feruens
462 1352 532 1396 area
546 1331 703 1394 messibus.
783 1347 797 1375 a

369 1505 432 1566 Rex
448 1512 491 1565 est
507 1504 557 1581 qui
572 1503 670 1580 posuit
684 1507 781 1568 metus
870 1544 873 1549 .

330 1596 359 1651 et
374 1590 430 1650 diri
445 1586 521 1650 mala
536 1581 675 1668 pecturis,

328 1693 434 1754 quem
450 1692 521 1734 nou
537 1671 658 1734 ambitio
674 1671 812 1748 inputeu's

327 1766 356 1820 et
370 1777 533 1839 numquam
548 1755 660 1818 stabilis
674 1755 759 1815 fauor

326 1842 408 1920 uulgi
424 1843 593 1924 praecipitis
610 1846 717 1908 mouet,

372 2013 484 2084 Quem
501 2029 572 2071 nou
589 2010 737 2071 concutiet
753 2008 861 2070 cadens

328 2094 440 2176 obliqui
454 2097 502 2156 uia
518 2094 648 2156 fulminis

328 2199 388 2242 non
404 2181 501 2242 Eurus
517 2183 636 2258 rapiens
652 2196 743 2248 mare,

327 2273 377 2327 aut
392 2283 481 2327 saeuo
496 2263 617 2325 rabidus
632 2265 708 2325 iaetu

326 2352 442 2412 uentusi
458 2358 555 2411 tumor
570 2349 707 2410 Hadriae.

370 2521 480 2593 Quem
497 2537 566 2581 nou
582 2518 685 2579 lancea
701 2515 809 2586 militis,

327 2623 398 2665 non
413 2606 532 2666 strictus
549 2605 661 2665 domuit
677 2600 805 2682 chalybs,

329 2691 379 2768 qui
394 2697 457 2751 tuto
473 2691 587 2768 positus
602 2688 667 2749 loco
799 2687 803 2693 “

326 2773 402 2834 iufra
420 2793 452 2835 sa
467 2774 549 2835 uidet
565 2775 663 2833 omnia

327 2859 515 2936 occurritque
531 2876 585 2919 suo
600 2858 697 2918 iibens

326 2944 386 3004 iata
401 2961 457 3003 nec
473 2944 608 3021 queritur
623 2944 708 3003 mori.

174 3115 375 3122 ..ι-ψ..-

242 3218 290 3268 347
313 3217 408 3268 trabas
421 3217 446 3266 A
469 3224 495 3266 et
512 3217 632 3266 Laetant.
657 3217 699 3265 ad.
719 3215 786 3266 Stat.
806 3213 883 3266 Ttet.
901 3213 951 3263 IV
959 3217 1026 3277 530,
1051 3215 1096 3268 ubi

174 3297 214 3330 uu.
233 3285 376 3335 ata-352
395 3285 481 3349 affert.
500 3285 575 3334 iores
593 3283 618 3332 E
646 3278 658 3349 Η
687 3285 832 3334 353-357
849 3284 896 3332 huc
914 3284 1022 3348 reposui
1038 3299 1096 3334 cum

174 3345 308 3402 Swotoda.
335 3353 477 3402 tta—355
495 3353 629 3402 demmin
646 3349 672 3399 Ε
692 3347 703 3417 Η
726 3355 776 3403 359
794 3351 928 3414 obluuqui
945 3353 971 3402 Ε
1041 3347 1094 3404 361

175 3415 288 3477 rapidus
305 3416 330 3465 A
358 3419 516 3488 rabidusE
544 3415 556 3484 ΙΙ
584 3421 634 3471 363
652 3420 764 3471 immitis
782 3420 808 3469 E
830 3419 926 3470 militia
945 3420 971 3469 A
1000 3348 1013 3485 ss
