2516 3998
188 197 265 246 XXII
563 197 763 245 PRAEFATIO

188 357 277 414 tanais
292 355 351 429 (ora
363 358 430 413 trais
443 355 536 429 1113),
553 357 599 413 ubi
614 357 715 413 dudum
731 358 889 414 restitutum
905 365 948 414 est
964 358 1138 422 ε1111111111,

187 460 213 498 u.
231 440 271 499 43
288 443 371 498 tantis
388 441 416 514 (i.
432 459 455 499 e.
472 449 500 498 et
515 440 589 514 aute)
618 441 658 499 88
680 443 787 516 spernit
807 441 942 516 superbos
962 442 1137 518 humilesque

191 525 323 600 (superos
343 526 541 600 hominesque)
573 525 632 583 139
654 526 733 582 undis
756 524 880 598 (umbris)
912 525 973 584 254
994 544 1062 584 nero
1083 529 1139 586 nisi

189 610 243 668 duo
260 614 308 668 uel
323 611 431 667 insiduo
448 609 527 683 (Nero
543 609 687 682 insidunt)
706 609 766 668 297
783 611 924 685 prodimus
940 627 991 668 euo
1008 614 1056 670 uel
1070 629 1137 670 seuo

190 695 248 770 (pr.
273 695 358 768 eheu)
389 694 568 752 4231111111
600 695 659 752 501
683 696 774 769 speeie
796 713 872 753 sacra
892 694 981 769 (sacro
1003 697 1137 772 auspicio)

192 779 254 836 744
269 779 402 854 pristinus
418 778 577 853 (crispinus)
608 779 688 838 1001
706 780 814 836 tandem
830 781 925 854 pharIe
940 780 1139 856 (Pandatariae)

190 865 273 922 1009
295 880 450 923 maurorum
473 863 657 937 (Taurorum)
678 872 730 920 ete.
765 865 803 920 Ad
826 865 962 939 exemplar
982 883 1049 924 uero
1070 867 1137 924 illud

188 949 308 1005 anticum
330 966 344 1005 e
365 949 469 1006 nostris
490 948 568 1006 libris
590 950 712 1024 proxime
734 950 843 1007 uidetur
863 951 992 1008 accedere
1013 953 1138 1008 llehdi-

188 1050 339 1106 geranus
356 1051 387 1088 m.
406 1034 445 1092 13
461 1033 553 1106 (1111)
574 1033 700 1109 pessimis
722 1035 767 1092 ille
784 1035 892 1109 quidem
914 1035 1041 1093 foedatus
1061 1039 1137 1093 uitiis

190 1125 217 1172 et
238 1117 271 1174 ab
292 1119 402 1175 homine
425 1119 545 1194 scriptus
567 1127 595 1176 et
616 1120 813 1193 inperitissimo
837 1129 865 1176 et
885 1122 1136 1194 neglegentissimo.

190 1202 252 1265 sed,
279 1203 307 1258 id
322 1204 396 1277 quod
412 1205 519 1260 maximi
542 1206 632 1260 estin
655 1206 707 1262 hoc
728 1221 829 1277 genere
845 1205 990 1269 momenti.
1014 1207 1135 1264 mutandi

189 1286 301 1344 libidine
322 1295 349 1343 et
364 1289 495 1344 uitiorum
511 1289 723 1346 occulendorum
739 1290 855 1347 consilio
870 1307 987 1364 prorsus
1008 1293 1138 1349 intactus.

188 1370 216 1426 ld
238 1379 346 1444 praeter
373 1372 426 1430 alia
446 1381 539 1448 aperte
561 1375 681 1431 ostendit
707 1375 785 1432 loeus
812 1374 1005 1432 paratissimus
1026 1379 1073 1451 qui
1095 1384 1138 1432 est

188 1453 251 1511 422
267 1475 329 1531 sqq.
345 1457 392 1514 ubi
408 1475 501 1515 omnes
517 1460 600 1516 ceteri
616 1459 679 1514 libri
697 1459 737 1516 sio
752 1460 866 1516 babent:

343 1589 489 1639 extrahere
502 1590 593 1654 pisces
606 1594 665 1639 rete
678 1590 723 1640 uel
738 1590 844 1641 calamo
857 1591 912 1641 leui

341 1657 469 1722 decipere
482 1657 609 1707 uolucres
623 1663 700 1707 erate
713 1658 759 1708 uel
774 1658 881 1708 calamo
895 1658 1012 1710 autleni

340 1729 436 1775 tenere
449 1725 551 1789 laqueo
563 1741 687 1790 premere
699 1726 840 1776 subiectos
853 1728 918 1791 iugo

342 1797 437 1844 tauros
451 1794 559 1844 feroces
573 1810 596 1846 e.
612 1809 636 1859 q.
650 1809 670 1844 s.

192 1929 272 1985 quern
294 1913 384 1969 locum
406 1917 442 1970 ita
464 1915 573 1971 restitui
589 1932 672 1989 posse
688 1914 819 1988 putabant
841 1917 973 1980 editores,
1000 1924 1030 1972 ut
1050 1917 1136 1973 uerba

188 1994 245 2052 ‘uel
258 1995 361 2054 calamo
374 1998 486 2054 autleni
499 2007 591 2054 tenere
603 1999 723 2073 laqueo',
736 2008 766 2055 ut
778 2017 847 2074 quae
862 2011 888 2057 et
900 2002 969 2058 male
980 2003 1097 2075 repetita
1109 2011 1137 2057 et

188 2079 293 2137 insulso
306 2082 488 2139 additamento
502 2091 578 2140 aucta
591 2091 693 2147 essent,
711 2085 820 2141 exulare
831 2083 966 2142 iuberent.
989 2086 1042 2142 Sed
1054 2085 1135 2143 aliam

188 2165 260 2220 uiam
277 2167 479 2241 ingrediendam
495 2185 557 2225 esse
573 2169 652 2226 docet
667 2169 739 2225 R13
753 2185 850 2226 uersus
866 2171 906 2227 sie
921 2170 1065 2227 exhibens:

342 2295 488 2350 extrahere
499 2300 591 2364 pisces
604 2304 663 2350 rete
676 2299 723 2351 uel
736 2299 843 2351 calamo
854 2301 913 2350 leui

341 2365 469 2432 decipere
481 2367 610 2418 uolucres
623 2371 699 2419 crate

341 2437 436 2485 tenere
449 2436 559 2500 laqueo.
581 2451 707 2502 premere
720 2452 743 2486 e.
757 2451 783 2500 q.
797 2450 818 2488 s.

187 2554 253 2610 Cum
275 2571 343 2613 uero
365 2575 410 2613 res
431 2557 538 2633 flagitet
559 2566 590 2614 ut
610 2557 734 2632 piscibus
755 2566 783 2614 et
804 2557 902 2634 auibus
923 2562 1134 2616 commemoratis

187 2637 330 2696 beluarum
352 2657 462 2714 qnoque
482 2644 585 2698 mentio
611 2641 658 2698 fiat
683 2671 717 2682 -
740 2643 774 2698 ad
796 2660 864 2715 quas
887 2643 1011 2699 ‘crates’
1039 2653 1135 2717 aperte

188 2730 313 2796 spectant
337 2753 374 2765 -
390 2724 462 2782 libro
479 2725 518 2782 illi
535 2725 581 2799 qui
597 2725 799 2780 hemistichium
814 2725 987 2782 intercidisse
1003 2730 1136 2792 ostendit,

189 2808 255 2880 quin
270 2807 337 2864 fides
353 2809 389 2864 sit
403 2809 525 2866 habenda
541 2826 595 2866 non
612 2807 776 2866 dubitamus.
813 2808 928 2865 Versum
943 2809 1136 2884 supplebimus

189 2909 221 2948 en
235 2891 299 2948 llor.
316 2910 360 2967 ep.
370 2894 391 2949 ll
402 2893 442 2952 ts
459 2891 738 2966 (1111111111423).
761 2893 887 2952 Videmus
902 2895 989 2969 igitur
1004 2896 1056 2952 boe
1071 2897 1134 2956 loco

187 2977 285 3033 uitium
302 2994 362 3034 cum
379 2981 405 3034 in
422 2980 547 3036 omnibus
564 2981 663 3037 ceteris
679 2977 756 3035 libris
772 2978 945 3037 hemistiebio
962 2982 1134 3039 antecedenti

187 3060 258 3118 male
268 3063 387 3136 repetito
398 3063 596 3121 dissimulatum
606 3067 650 3128 sit,
660 3065 687 3120 in
698 3063 832 3122 soloR13
840 3063 956 3121 fideliter
966 3081 1135 3141 expressum.

188 3144 281 3221 Neque
297 3150 384 3222 magis
399 3148 487 3223 fugiet
501 3152 607 3223 peritos
623 3167 649 3208 u.
666 3148 706 3206 42
723 3149 797 3224 quod
813 3151 841 3206 in
857 3150 929 3208 1113
943 3150 1048 3224 legitur
1068 3151 1135 3209 ‘ora

189 3229 272 3287 trais'
299 3232 324 3288 id
341 3235 456 3308 propius
473 3236 600 3293 accedere
615 3235 646 3292 ad
662 3236 808 3309 genuinam
824 3235 988 3309 scripturam
1003 3236 1135 3300 <1111111111,

186 3329 270 3385 quam
286 3318 360 3390 quod
374 3319 458 3375 ceteri
474 3321 607 3393 praebent
628 3321 692 3377 ‘ora
710 3319 821 3382 tanais’,
844 3323 1009 3378 correctoris
1024 3337 1133 3377 manum

188 3396 324 3456 redolens.
362 3403 507 3461 Praeterea
528 3423 554 3461 u.
573 3406 632 3463 178
651 3405 751 3462 uitiosa
772 3405 875 3479 legitur
897 3406 1019 3463 inlibris
1039 3406 1134 3478 uolga-

187 3479 279 3536 ribus:
301 3483 413 3542 ‘uultus
429 3489 479 3547 deo
497 3490 602 3548 Similes
618 3489 723 3548 uolanti
741 3490 853 3548 feruens
871 3490 977 3548 llamma
998 3489 1134 3553 abstulit'.
