2502 3978
177 193 238 270 196
457 221 488 267 u.
505 219 639 267 nunnus
655 217 812 268 sunucnu

176 360 361 422 maculantur
377 361 454 420 ictus
470 359 580 429 imbre,
598 361 649 420 sed
666 377 770 420 uersus
787 365 868 420 rotro

176 465 229 526 per
246 464 297 505 ora
314 444 425 506 inultus
440 446 558 522 sanguis
574 452 662 523 atque
679 442 780 505 oculos
795 444 881 504 redit.

134 531 158 592 'e
219 543 286 591 Tin.
310 530 438 590 Infausta
455 547 578 607 magnos
594 547 678 589 sacra
694 537 827 589 terrores
843 529 930 590 cient.
1112 541 1160 590 305

162 615 226 688 ‚sed
245 616 298 676 ede
315 622 410 676 certas
428 617 577 675 uiscerum
594 613 680 675 nobis
696 621 789 673 00133.
847 674 849 679 ,

176 714 260 760 Mun.
284 701 400 778 genitor
417 700 485 780 quid
503 699 559 758 hoc
575 700 637 759 esti
662 716 721 759 non
737 696 795 758 leui
811 705 893 757 motu
909 706 940 759 ut
956 697 1053 759 solent
1096 709 1104 722 ·

176 787 282 862 agitata
299 785 449 862 trepidant
465 792 544 853 exta,
562 782 612 843 sed
631 791 706 843 totas
722 800 827 842 manus

176 871 313 949 quatiunt
327 887 483 949 nouusque
500 867 617 946 prosilit
633 869 717 927 uenis
733 885 831 928 cruor.
1247 913 1248 944 1

143 956 166 1015 e'
223 953 280 1014 Cor
295 961 408 1014 marcet
424 971 545 1031 aegrum
562 953 679 1032 penitus
695 971 729 1012 ao
746 969 877 1013 marsum
893 951 963 1013 latet
1113 963 1161 1012 300
1247 951 1248 1028 1

176 1036 327 1118 liuentque
344 1057 452 1108 uenae,
471 1056 575 1115 magna
592 1055 660 1116 pars
676 1036 760 1097 tibris
777 1037 860 1096 abest
1247 1033 1248 1058 ³

177 1131 206 1182 et
222 1123 288 1184 10110
304 1124 390 1201 nigro
409 1122 540 1183 tabidum
557 1128 673 1199 spumat
689 1124 772 1182 iecur

176 1225 210 1267 ac
226 1225 344 1285 semper
360 1225 447 1268 omen
464 1209 552 1268 unico
569 1207 693 1284 imperio
709 1223 801 1284 graue

177 1309 214 1351 eu
232 1294 325 1368 capita
342 1291 464 1369 paribus
480 1291 548 1352 bina
566 1302 751 1368 consurgunt
767 1295 848 1350 toris.

143 1377 166 1436 e'
220 1377 276 1436 Sed
294 1384 452 1454 utrumque
469 1395 586 1436 caesum
603 1378 700 1435 tenuis
717 1374 871 1436 abscondit
886 1383 975 1453 caput
1114 1385 1163 1433 300

176 1461 359 1521 membrana.
392 1459 535 1521 latebram
553 1459 642 1520 rebus
659 1459 781 1519 occultis
796 1476 907 1536 negans

176 1545 280 1606 hostile
298 1545 396 1606 ualido
413 1545 522 1606 robore
537 1545 663 1622 insurgit
677 1543 754 1604 latus

175 1639 348 1708 septemque
365 1649 456 1690 uenas
472 1630 573 1690 tendit.
606 1629 659 1688 hus
675 1631 771 1688 omnis
787 1635 869 1688 retro

175 1715 337 1791 prohibens
353 1716 465 1774 reuerti
480 1713 564 1774 limes
579 1713 694 1774 oblicus
709 1709 802 1774 30031.Ι

141 1799 165 1857 d'
218 1799 345 1860 Mutatus
360 1799 434 1859 orrlo
451 1806 509 1868 est,
528 1798 597 1858 sede
614 1797 653 1857 nil
670 1799 790 1876 propria
805 1799 896 1866 13001,
1113 1809 1164 1858 370

122 1892 126 1902 ’
175 1883 225 1944 sed
243 1891 306 1944 acta
323 1891 404 1944 retro
422 1892 535 1944 cuncta.
567 1900 626 1941 non
643 1883 758 1942 animae
774 1900 866 1960 capax

175 1969 203 2028 in
221 1978 306 2046 parte
323 1968 425 2029 dextra
442 1968 543 2045 pulrno
560 1969 738 2044 sanguineus
753 1970 837 2034 latet,
1008 1980 1164 2022 rnxxxxu

175 2070 235 2112 non
251 2052 334 2113 laeua
352 2054 435 2112 cordi
450 2054 550 2130 regio,
567 2070 626 2110 non
644 2050 724 2111 molli
741 2051 853 2111 urnbitu

175 2144 292 2196 omenta
308 2139 434 2214 pingues
451 2139 557 2198 uisceri
576 2135 741 2196 obtendunt
757 2138 848 2196 sinus.

175 2228 279 2281 natura
296 2240 382 2282 uersa
399 2231 457 2290 est,
475 2220 553 2282 nulla
568 2220 615 2280 lex
631 2228 716 2280 utero
733 2230 839 2280 manet.

141 2315 158 2364 d
219 2306 392 2366 Scrutemur
407 2307 486 2367 unde
502 2313 600 2366 tantus
616 2306 664 2365 hio
680 2307 753 2366 extis
769 2307 859 2382 rigor.

175 2391 253 2469 quod
270 2391 327 2451 hoc
342 2392 444 2452 001331
468 2399 631 2468 conceptus
647 2393 788 2468 innuptae
805 2389 890 2449 nouis

174 2493 230 2535 300
245 2494 327 2536 ruore
344 2475 430 2536 solito
448 2477 560 2553 positus
576 2474 671 2534 alieno
687 2476 717 2534 in
733 2474 799 2534 loco

175 2558 267 2637 inplet
282 2567 447 2638 parentem.
477 2559 612 2620 membra
629 2577 695 2619 curn
712 2560 824 2636 gemitu
840 2566 948 2618 310301.

174 2639 275 2720 rigore¹
289 2644 416 2705 tremulo
432 2644 544 2705 debiles
559 2653 641 2704 artus
657 2644 779 2712 micant,

175 2729 275 2788 infecit
289 2737 368 2788 atras
383 2729 490 2789 liuidus
505 2729 596 2790 libras
612 2747 712 2788 cruor.

141 2813 166 2872 d'
218 2812 434 2891 Temptantque
450 2823 551 2891 turpes
567 2813 706 2873 mobilern
722 2815 819 2872 trunci
834 2812 959 2889 gradum

175 2904 204 2956 01
219 2898 306 2958 inane
321 2901 417 2975 surgit
432 2917 541 2977 corpus
557 2917 590 2958 ac
606 2915 706 2958 sacros
722 2899 794 2976 petit
892 2903 894 2906 ’

243 3103 293 3150 357
322 3101 374 3150 hoc
398 3117 443 3150 om.
467 3109 490 3162 ψ
520 3097 531 3166 11
560 3102 609 3150 359
628 3113 768 3162 nouusque
795 3101 871 3150 EG?
902 3100 1002 3164 quidum
1023 3101 1092 3148 Deir.

175 3170 309 3230 nouisque
329 3163 439 3234 Α11370
457 3167 543 3216 nichil
562 3168 587 3216 E
598 3163 610 3232 11
627 3168 721 3216 iacent.
739 3166 765 3214 E
776 3163 787 3233 11
805 3169 854 3218 372
874 3168 950 3216 13001
968 3183 990 3216 ω
1007 3166 1094 3215 13101
1183 3162 1186 3166 ’

174 3237 269 3298 scripsi
280 3231 291 3295 ll
304 3238 353 3285 373
372 3235 447 3285 cordi
466 3235 490 3283 E
510 3235 597 3286 cordis
616 3237 639 3283 A
660 3235 735 3298 regio
756 3235 846 3284 cordis
864 3230 973 3299 1111374
991 3234 1092 3283 uisceri

175 3303 201 3350 E
213 3304 277 3350 Pau.
298 3308 434 3352 uiscerum
454 3304 477 3352 A
496 3303 608 3352 uiscera
627 3303 687 3350 1114
707 3301 824 3366 1111376
843 3303 914 3352 TIR.
935 3301 1073 3363 Acrone
1086 3297 1093 3363 1

177 3368 360 3434 80131013οψ
383 3369 394 3435 11
417 3371 529 3433 11301011
552 3365 564 3434 11
588 3372 637 3420 377
656 3369 741 3421 MAN.
762 3366 901 3434 Aurelius
925 3365 936 3436 11
960 3370 1091 3434 innuptae

177 3433 242 3481 Ε11Ε
259 3436 399 3486 infaustos
413 3439 437 3486 A
450 3433 461 3503 11
473 3439 523 3488 381)
535 3439 627 3501 rigore
641 3437 757 3486 tremulo
770 3438 795 3486 Ε
813 3438 929 3486 tremulo
942 3438 1033 3502 rigore
1048 3437 1070 3484 A
1084 3433 1090 3496 1

177 3499 224 3546 381
246 3505 321 3549 utras
340 3503 438 3566 Elifip
458 3501 679 3570 310133Α11333
699 3520 732 3554 30
751 3521 846 3556 sacros
865 3507 889 3554 A
909 3509 939 3554 31
956 3519 977 3554 s.
998 3505 1023 3552 E
1047 3501 1058 3570 11
