2502 3978
534 228 684 278 ocntrvs

153 371 252 430 satiata
267 367 353 430 telius
368 367 461 429 baiitn
478 370 555 429 sicco
570 377 672 438 nocet,

153 455 201 515 sed
216 473 269 515 rex
285 461 426 514 cruentus
442 454 603 532 pretiaqui
618 471 724 514 saeuae
740 454 821 515 necis

153 547 265 617 sceptra
283 546 312 598 et
326 537 468 599 nefandus
484 545 607 615 occupat
623 537 768 598 thalamos
784 541 884 618 patris.

122 620 145 692 g'
193 624 289 684 Incisa
306 622 418 703 proles,
436 623 488 683 sed
504 631 601 684 temen
617 626 703 700 peior
720 641 827 700 parens

153 726 236 785 quam
252 717 373 787 gnatus,
396 717 481 768 utero
497 725 601 768 rursus
616 708 745 769 infausto
761 711 860 786 granis

153 797 208 870 egit
223 795 274 872 qui
289 795 318 853 in
336 802 419 853 ortus
434 801 529 854 semet
544 801 573 853 et
588 795 674 865 matri
690 795 786 871 inpios

152 875 226 939 fetus
242 879 366 954 regessit
381 879 490 957 quique
506 879 555 938 uix
572 887 636 1021 mpt
652 885 697 938 est
713 877 797 946 ieris,

151 963 255 1023 iratres
271 962 327 1022 sibi
342 964 404 1039 ipse
421 964 535 1040 genuit,
553 964 603 1040 inp
617 964 718 1022 icitum
735 962 844 1024 malum

152 1049 300 1126 magisque
317 1054 480 1107 monstrum
498 1047 628 1126 Sphinge
645 1047 818 1126 perplexum
836 1065 896 1108 sua.

119 1137 136 1186 d
192 1132 235 1192 Te
250 1141 279 1191 te
294 1141 416 1192 cruenta
433 1139 550 1210 sceptra
567 1133 615 1209 qui
632 1132 733 1192 dextra
751 1134 839 1210 geris,

152 1227 178 1276 te
193 1224 278 1295 pater
292 1215 404 1278 inultus
419 1215 494 1277 urbe
510 1235 577 1276 cum
594 1224 653 1277 tcta
671 1226 770 1294 petam

151 1309 179 1360 et
194 1319 311 1362 mecum
327 1301 454 1380 Erinnys
469 1301 621 1380 pronubas
636 1301 756 1362 thalami
772 1301 886 1361 trabam

149 1394 267 1447 toruum
285 1394 424 1446 sonantes
440 1386 577 1447 uerbera.
611 1389 752 1447 incestam
769 1386 890 1446 domum

151 1481 263 1532 uertam
280 1480 308 1531 et
324 1481 445 1550 penates
461 1473 542 1549 inpio
559 1479 654 1532 marte
670 1471 813 1532 obteram.

26 1617 27 1624 1
116 1553 140 1609 d'
190 1555 320 1616 Proinde
336 1553 453 1635 pulsum
470 1556 577 1615 imibns
592 1571 693 1632 regem
710 1558 792 1622 ocius

148 1641 225 1718 agite
241 1640 368 1700 exulem.
399 1657 588 1718 quocumque
604 1641 719 1700 funeste
736 1640 829 1715 gradu

148 1723 243 1784 solum
260 1723 421 1802 relinquet,
440 1743 511 1785 uere
526 1725 659 1785 florifero
675 1741 778 1785 nemus

148 1808 300 1888 reparabit
315 1808 439 1877 herbas,
456 1811 577 1889 spiritns
592 1826 684 1888 puros
699 1808 780 1868 dabit

149 1892 244 1954 uitalis
260 1911 331 1954 aura
348 1895 449 1954 ueniet
464 1903 494 1954 et
509 1893 592 1954 siluis
607 1895 709 1954 decor.

149 1977 252 2059 [tetum
267 1982 390 2054 luesque
403 1995 483 2039 mors
498 1981 584 2039 taber
600 1980 682 2040 tubes
698 1981 785 2040 dolor

146 2067 308 2124 comitatus
323 2066 375 2124 illo
390 2065 500 2138 dipuus
515 2067 661 2124 excedent
673 2061 788 2142 simut]

113 2145 146 2202 d'
190 2148 226 2208 Et
241 2149 303 2226 ipse
319 2147 431 2226 rapidis
446 2148 597 2225 gressibus
613 2148 698 2208 sedes
716 2147 796 2209 uolet

148 2233 280 2310 effugere
296 2241 425 2314 nostras,
443 2233 494 2292 sed
510 2249 617 2308 graues
634 2233 758 2311 pedibus
774 2250 874 2293 moras
903 2258 908 2310 1

147 2317 253 2377 addam
271 2325 300 2376 et
314 2317 438 2377 tenebo:
462 2323 548 2392 repet
563 2318 694 2378 incertus
712 2319 777 2377 uiae
903 2313 906 2351 1

148 2399 254 2462 baculo
270 2401 354 2461 senili
370 2403 453 2462 triste
469 2409 688 2479 praetemptans
704 2404 769 2462 iter,
895 2405 901 2451 t
1073 2412 1129 2462 stc

148 2487 253 2564 eripite
269 2493 381 2554 terras,
398 2487 529 2546 auferam
546 2486 659 2546 caelum
676 2493 768 2564 peter.
889 2468 895 2544 1

112 2592 131 2642 g
193 2583 273 2630 oni).
298 2569 335 2630 Et
350 2589 415 2631 essa
433 2577 461 2631 et
477 2579 557 2631 artus
573 2569 687 2648 gelidus
702 2572 810 2630 inuasit
826 2577 953 2630 tremor:

147 2654 287 2734 quicquid
306 2653 444 2716 timebam
462 2655 575 2724 iacere,
592 2656 697 2715 iecisse
713 2672 830 2732 arguor.

215 2911 265 2959 647
288 2908 402 2972 praecia
420 2907 445 2956 Ε
467 2910 558 2973 pretia
577 2909 648 2973 Mop.
674 2912 798 2974 praemia
817 2909 885 2973 dfiap
908 2910 997 2975 prime
1016 2910 1040 2958 A
1057 2881 1068 2950 11

145 2977 197 3026 648
216 2982 354 3042 sceptrum
375 2975 454 3028 Gran.
477 2973 488 3042 11
512 2978 559 3026 651
579 2977 699 3041 Egitque
718 2977 767 3042 Εψ
787 2977 853 3042 Egit
872 2977 917 3041 qui
935 2979 960 3026 A
981 2973 992 3041 11
1017 2979 1066 3026 652

147 3045 194 3093 uix
212 3044 265 3094 EA
283 3059 335 3093 nec
354 3039 471 3109 611667
490 3047 595 3106 erynim
613 3045 766 3108 prenubam
784 3043 809 3092 E
831 3045 949 3093 Erinnes
967 3060 1068 3108 prunu-

148 3113 199 3161 bas
219 3115 241 3160 A
273 3108 284 3178 11
314 3113 364 3162 668
387 3111 496 3161 traham
514 3130 536 3162 ω
559 3117 689 3162 toruum
708 3115 803 3176 scripsi
830 3109 841 3177 11
869 3113 1003 3162 incestam
1023 3112 1066 3160 eA

147 3179 283 3228 incertam
301 3175 353 3244 atii
371 3181 419 3230 661
440 3194 612 3244 quocumque
631 3179 679 3241 Εψ
699 3195 871 3244 quacumque
891 3177 1005 3244 Α11662
1024 3193 1068 3227 re·

149 3247 255 3311 linquat
274 3248 299 3297 A
327 3248 465 3311 relinquet
484 3254 525 3311 cap
550 3245 561 3314 11
584 3249 677 3297 uirens
696 3265 716 3298 ω
744 3263 856 3298 nemus
875 3248 969 3309 scripsi
989 3247 1067 3307 (fort.

148 3318 314 3379 transpositis
331 3315 507 3364 hemistichiis:
527 3316 642 3378 spiritus
661 3331 687 3379 p.
708 3315 733 3364 d.
748 3315 778 3364 V.
799 3331 824 3364 a.
845 3329 910 3362 uere
930 3315 950 3363 f.
970 3328 1067 3363 nemus

147 3381 303 3448 Reparabit
315 3382 340 3434 h.
355 3384 449 3433 ueniet
463 3387 490 3432 et
503 3399 524 3432 s.
539 3382 576 3445 d.)
594 3380 605 3448 11
627 3385 677 3434 665
696 3383 744 3432 666
763 3383 851 3432 sustuli
870 3381 1041 3442 exceduntur
1060 3379 1068 3446 11

149 3450 197 3500 669
221 3455 331 3515 repetet
354 3451 403 3513 Εψ
433 3455 523 3516 reptet
546 3452 569 3499 A
601 3456 680 3514 repet
699 3451 773 3498 DHs.
805 3445 816 3515 11
846 3450 894 3499 671
914 3449 1021 3515 Eripite
1041 3450 1066 3499 E

149 3517 304 3582 Praeripite
318 3519 342 3568 A
355 3515 428 3584 11672
443 3519 527 3568 out).
543 3527 586 3582 εψ
600 3535 645 3568 ona
661 3519 686 3568 A
699 3515 770 3583 11673
786 3517 869 3566 out).
886 3519 907 3566 A
922 3534 967 3568 om.
984 3525 1026 3583 εψ
1043 3514 1055 3583 11

202 3616 326 3652 senecae
346 3617 429 3654 reue.
518 3613 522 3624 ·
827 3599 866 3662 14
