2550 3978
586 199 709 245 MEDEA

189 340 227 399 sit
241 338 369 417 pretium
385 338 479 398 lason.

188 436 254 483 IAS.
504 420 577 479 cedo
594 420 726 481 defessus
742 419 833 481 malis.

154 515 171 562 h
233 508 270 566 Et
285 509 347 585 ipsa
364 524 450 565 casus
466 523 554 582 saepe
570 508 627 564 iam
645 514 781 582 expertos
796 506 875 565 time.

189 605 273 651 MED.
291 591 408 650 fortune
425 607 542 666 semper
559 590 653 649 omnis
669 589 745 650 infra
762 608 808 649 me
824 589 912 648 stetit.

189 688 255 735 IAS.
272 675 394 735 Acastus
409 675 499 734 instat
512 710 554 719 —

189 773 274 819 rent).
594 759 716 838 propior
732 766 776 817 est
791 757 883 818 hostis
900 756 999 817 Creo.

154 842 180 900 h'
233 845 393 921 Vtrumque
409 843 542 922 profuge.
574 861 633 902 non
650 845 728 902 utin
744 861 881 902 socerum
899 860 1001 903 manns
1124 849 1176 898 525

189 946 286 988 armes
302 945 357 986 nec
373 934 405 986 nt
420 935 448 986 te
465 927 555 986 coede
571 935 693 1003 cognata
710 929 847 1004 inquines
988 931 994 943 “

188 1012 312 1073 Medea
329 1013 421 1087 cogit:
444 1013 588 1072 innocens
604 1029 719 1071 mecum
738 1011 815 1087 iuge.

153 1107 163 1154 i
230 1109 295 1156 IAS.
321 1096 357 1154 Et
372 1097 438 1174 quis
453 1098 571 1156 resistet
586 1097 702 1174 gemine
719 1098 744 1155 si
760 1095 834 1155 belle
850 1097 1008 1172 ingranam

188 1182 263 1242 Creo
280 1188 367 1259 atque
382 1183 504 1241 Acastus
520 1199 600 1240 arma
618 1185 642 1240 si
658 1181 816 1256 iungunt
830 1181 900 1240 suoi

153 1269 172 1322 i'
233 1280 317 1326 Men.
342 1265 393 1324 His
409 1264 491 1324 adice
509 1265 634 1325 Colchos
650 1265 732 1325 adice
750 1272 779 1324 et
793 1267 902 1324 Aeeten
920 1265 1024 1324 ducem
1123 1272 1176 1320 oto

188 1351 310 1429 Scythas
326 1349 454 1426 Pelasgis
469 1350 600 1426 iunge:
623 1349 775 1409 demersos
791 1348 877 1428 daho.

152 1441 172 1490 k
231 1447 297 1494 ms.
320 1433 384 1493 Atta
400 1435 559 1493 extimesco
575 1442 700 1511 sceptra.

188 1533 273 1579 Mel).
726 1535 762 1575 nc
778 1516 880 1595 cupias'
895 1515 974 1576 uide.

153 1602 179 1658 k‘
232 1614 297 1662 IAS.
323 1601 465 1678 Suspecta
482 1617 520 1658 ne
535 1601 593 1658 sint
607 1599 693 1677 longa
710 1599 862 1676 conloquia
880 1607 1006 1677 amputa.

153 1695 162 1743 l
232 1683 326 1746 MED:
341 1684 425 1744 Nunc
441 1702 555 1743 summe
572 1692 631 1743 toto
646 1683 778 1762 luppiter
794 1683 876 1744 caelo
891 1690 968 1742 tona.

187 1768 465 1831 intendedextram.
496 1768 629 1828 uindices
646 1768 899 1844 flammaspara
1122 1777 1174 1824 535

188 1872 366 1931 omnemque
382 1854 477 1930 ruptis
494 1851 622 1925 nubibus
638 1853 779 1912 mnndum
797 1860 893 1930 quate.
1234 1843 1238 1852 ⁴

153 1936 171 1994 1⁵
233 1939 293 1998 Nec
310 1937 441 2012 diligenti
456 1937 512 1997 tela
529 1936 674 1997 librentur
690 1955 779 1996 manu
1060 1949 1170 1992 ntvntt

186 2021 235 2084 uel
250 2041 298 2082 me
313 2021 361 2082 nel
377 2024 482 2081 istum:
500 2023 631 2103 quisquis
647 2041 662 2081 e
678 2021 765 2080 nobis
780 2021 865 2081 cadet

186 2124 297 2167 nocens
312 2105 435 2184 peribit,
453 2123 512 2165 non
529 2113 626 2183 potest
641 2108 670 2164 in
687 2124 742 2165 nos
757 2114 839 2166 tunm

187 2210 289 2254 errare
305 2189 454 2250 fulmen.
1121 2200 1173 2248 540

152 2301 179 2334 m
231 2289 296 2336 ms.
495 2274 572 2334 Sana
588 2275 724 2335 meditari
739 2275 837 2352 incipe

185 2368 215 2421 et
231 2359 344 2439 placida
363 2358 434 2419 inre.
465 2358 582 2436 siquod
599 2377 633 2416 ex
650 2362 745 2418 soceri
757 2359 849 2439 ¹domo

184 2451 282 2522 potest
297 2445 395 2520 fugam
412 2440 528 2502 leuare:
545 2441 708 2503 solamon
724 2452 800 2520 pete.

179 2543 270 2588 nnn.
288 2534 479 2587 contemnere
496 2527 611 2586 animus
625 2529 721 2604 regias
739 2537 769 2587 ut
784 2528 841 2586 sois
857 2545 927 2605 opes

185 2619 283 2690 potest
298 2608 448 2687 soletque,
464 2609 576 2670 liberos
593 2618 705 2670 tantum
722 2614 809 2689 fugae

185 2696 298 2756 habere
314 2696 436 2755 comites
452 2694 581 2754 licentio
599 2713 724 2772 quornm
741 2697 807 2756 sinu

185 2781 324 2840 lacrimas
339 2780 525 2857 profundam.
556 2786 584 2839 te
600 2782 671 2839 noui
688 2783 787 2856 gnati
801 2787 934 2841 manent.

151 2865 187 2923 ιη’
231 2877 296 2924 ens.
319 2865 428 2924 Parere
443 2863 582 2942 precibus
597 2882 707 2942 cupere
722 2884 770 2925 me
786 2866 880 2925 fateor
895 2867 968 2934 tuiS,

252 3137 302 3186 523
320 3135 394 3184 intra
413 3135 438 3184 A
460 3135 535 3184 infre
553 3134 601 3184 ER
629 3130 641 3195 ΙΙ
669 3135 719 3184 524
736 3135 825 3184 MED.
844 3134 869 3183 E
893 3150 939 3185 om.
959 3135 983 3182 A
1013 3129 1024 3199 Η
1052 3135 1103 3184 525

183 3203 273 3253 MED.
292 3210 345 3253 utr.
364 3203 389 3251 A
418 3202 506 3251 MED.
525 3217 571 3252 om.
592 3203 616 3250 Ε
644 3197 658 3267 U
684 3202 746 3252 nolo
765 3203 791 3251 A
821 3217 876 3251 non
894 3202 918 3251 Ε
946 3197 959 3268 H
988 3203 1037 3252 528
1060 3202 1103 3250 in-

185 3275 285 3334 gruant
297 3271 323 3322 A
342 3271 492 3335 ingrauent
504 3269 529 3318 E
540 3265 552 3336 Η
564 3271 613 3320 529
632 3270 748 3335 iungant
762 3271 802 3320 Αε
822 3271 948 3334 iungunt
964 3271 1065 3333 scripsi.
1086 3269 1100 3331 ΙΙ
1190 3266 1194 3273 ’

185 3339 234 3387 530
253 3337 343 3402 adijce
362 3340 476 3388 Aeetem
495 3338 520 3387 A
544 3337 624 3388 adice
644 3343 672 3386 et
691 3343 780 3388 aetem
798 3338 824 3387 Ε
840 3335 851 3400 Η
876 3340 925 3388 53Ὶ
949 3354 1058 3387 manum
1077 3337 1103 3386 E

185 3420 268 3520 marpin
286 3408 310 3455 A
340 3405 358 3538 ΙῙ
380 3408 429 3456 538
447 3407 476 3454 in
494 3421 537 3454 me
556 3407 582 3455 A
609 3406 656 3455 uel
674 3421 716 3455 me
734 3405 760 3454 E
788 3402 800 3471 [l
829 3407 877 3456 541
898 3408 922 3455 ei
941 3405 1004 3470 quid
1023 3407 1047 3456 A
1073 3405 1103 3454 oi

185 3487 238 3536 quo
274 3473 323 3538 Erp
