2516 3998
511 222 709 271 PRAEFATIO
1032 225 1085 275 vlt

132 393 294 459 temporum
315 383 359 439 ucl
379 382 554 440 librariorum
576 385 692 440 iniuriae
716 382 902 456 tribuisse*).
947 386 1030 443 immo
1052 395 1083 443 ut

132 486 186 545 pro
213 469 409 543 dittograplriis
436 468 522 524 multa
549 485 644 525 eorum
671 485 740 544 quae
768 468 932 526 exclusimus
958 471 1081 528 habenda

132 562 210 616 sunt,
227 555 265 610 ita
280 570 336 611 non
352 570 455 628 paucos
470 569 568 610 uersus
584 554 714 611 ambitum
732 553 922 627 stropharum,
940 555 1039 630 quibus
1056 565 1083 612 et
1137 621 1140 632 ¹

130 640 162 695 iu
179 638 309 695 diuerbiis
326 647 354 694 et
369 638 395 693 in
413 638 576 695 carminibus
591 648 673 713 poeta
694 641 847 695 orationem
864 639 1019 714 discripsit,
1037 658 1082 697 su·

129 741 183 798 pra
207 721 311 780 iustum
327 724 436 780 modum
459 731 592 797 augentes
608 724 641 780 ab
663 727 723 799 ipso
739 733 820 799 poeta
842 724 1004 782 arbitramur
1019 743 1082 799 pro·

130 810 222 864 lectos
242 824 303 864 esse
325 807 450 881 (uelutll
466 807 527 866 552
544 807 604 866 745
622 809 681 867 791
699 808 792 882 alios),
815 811 862 883 qui
885 811 993 884 quidem
1016 813 1083 867 scri·

129 893 215 949 bendi
230 895 336 967 impetu
351 893 482 969 abreptus
498 894 609 950 eandem
624 911 682 950 rem
698 913 751 969 qua
773 902 832 951 orat
847 894 941 969 ingeni
956 895 1082 952 ubertate

129 978 265 1034 uariando
286 985 314 1035 ct
334 978 395 1034 aliis
417 978 510 1035 uerbis
535 979 633 1035 iterum
655 987 683 1036 et
704 982 811 1053 saepius
833 979 1005 1038 inlustrando
1027 997 1081 1037 non

129 1078 283 1136 numquam
305 1063 393 1136 legem
415 1062 489 1119 illam
505 1079 585 1138 quam
604 1067 663 1139 ipse
679 1063 730 1121 sibi
747 1062 896 1138 scripserat
911 1066 1081 1140 stropbicam

130 1148 254 1204 uiolasse
283 1148 479 1205 existimandus
503 1157 554 1205 est.
599 1147 672 1215 Quae
700 1150 795 1206 menda
822 1151 846 1205 si
872 1151 1027 1222 tragoedias
1053 1153 1080 1207 in

130 1232 306 1289 emendatum
323 1233 459 1308 exemplar
475 1242 503 1290 et
513 1233 624 1308 publico
640 1235 702 1290 usui
716 1235 880 1291 destinatum
893 1235 1080 1308 transcripsis-

130 1324 177 1372 set
193 1317 259 1391 quin
275 1317 434 1374 sublaturus
449 1319 533 1376 luerit
555 1319 598 1375 uel
615 1320 761 1376 resecando
777 1320 821 1375 uel
838 1319 962 1394 augendo
979 1321 1081 1378 oratio·

130 1418 196 1458 nem
211 1403 321 1458 minime
342 1399 520 1459 dubitandum
542 1403 715 1461 arbitramur.
750 1403 809 1471 Quo
827 1412 915 1460 tamen
938 1407 963 1460 ln
980 1421 1080 1480 genere

130 1503 198 1542 num
221 1487 247 1542 in
263 1487 537 1559 eligendisuersibus
553 1490 601 1562 qui
617 1497 709 1545 essent
731 1488 874 1544 damnandi
890 1489 970 1546 nobis
993 1492 1080 1546 conti·

130 1572 207 1644 gerit
233 1579 265 1626 ut
288 1589 384 1628 uerum
409 1589 517 1647 semper
544 1574 745 1636 inueniremus,
772 1575 949 1630 uehementer
974 1573 1080 1632 dubita·

130 1672 203 1711 mus.
239 1655 298 1719 Sic,
322 1665 353 1712 ut
375 1657 499 1729 exemplo
514 1665 636 1720 utamur,
659 1657 771 1714 dubium
793 1674 874 1731 quam
890 1659 1003 1714 maxime
1021 1668 1080 1715 erat

129 1741 155 1796 ll
178 1739 313 1796 Sit-8
341 1756 372 1796 cx
395 1739 484 1797 tribus
505 1740 631 1797 uersibus
654 1742 716 1814 quis
737 1741 909 1815 potissimum
937 1751 1011 1798 esset
1031 1743 1079 1798 de·

128 1823 239 1880 lendus.

197 1908 294 1965 Redire
310 1917 453 1983 utramque
469 1910 654 1966 recensionem
675 1910 708 1966 ad
723 1910 810 1984 ipsius
826 1918 924 1983 poetae
939 1911 1079 1984 chirogra-

131 1994 217 2067 phum
234 1993 344 2067 publico
360 1996 423 2050 usui
440 1996 495 2051 non
510 1994 672 2052 destinatum
689 1995 756 2051 sotis
771 1995 1079 2068 luculenterpraeterea

131 2078 283 2134 ostendunt
304 2077 399 2153 Oedipi
421 2079 559 2136 cuiusdam
576 2088 608 2135 ⁴et
628 2079 840 2136 Plroenissarum
861 2080 906 2135 illa
926 2081 1079 2154 fragmenta

130 2163 162 2218 in
177 2162 303 2219 omnibus
319 2163 396 2219 libris
412 2155 606 2238 manuscriptis
629 2166 656 2220 in
673 2181 757 2221 unum
773 2164 959 2236 conglutinata
983 2165 1028 2238 (cf.
1046 2167 1078 2222 de

130 2247 234 2304 Seneca
252 2256 320 2320 trag.
338 2257 410 2305 arrct.
426 2266 451 2323 p.
470 2248 619 2321 att-22),
637 2265 720 2322 quae,
737 2250 760 2306 si
776 2250 932 2322 tragoedias
948 2265 1012 2307 suas
1028 2267 1080 2325 pu·

130 2331 196 2388 blici
213 2332 281 2388 iuris
297 2332 421 2396 lecisset,
442 2351 498 2390 non
519 2334 657 2390 editurum
673 2334 762 2391 sedin
778 2334 885 2390 schedis
906 2344 1078 2391 retenturum

131 2416 218 2473 luisse
245 2419 430 2475 existimamus
450 2426 568 2493 poetam.
613 2417 705 2492 Neque
727 2417 817 2476 minus
838 2420 904 2474 haec
929 2427 1024 2475 nostra
1045 2419 1078 2475 de
1114 2431 1119 2442 “

130 2501 315 2575 pugillaribus
331 2503 452 2560 auctoris
468 2503 602 2561 sententia
618 2503 772 2558 confirmari
795 2503 903 2557 uidetur
924 2505 1077 2575 anapaestis

130 2585 233 2658 quibus
248 2587 394 2643 Actaeonis
415 2588 506 2644 tabula
526 2595 654 2644 narratur
674 2586 695 2642 (l
712 2585 892 2649 tir-884,
914 2603 1028 2660 prorsus
1050 2595 1078 2644 et

129 2669 235 2726 abillo
258 2671 320 2726 loco
342 2679 370 2726 et
390 2689 405 2728 a
428 2679 484 2729 tota
505 2670 596 2727 labula
616 2672 711 2728 alicnis
731 2669 782 2744 (cl.
804 2671 940 2729 obseruat.
964 2675 991 2728 in
1014 2671 1075 2728 Seu.

131 2763 202 2828 trag.
219 2754 265 2810 lib.
281 2773 307 2829 p.
325 2756 364 2812 36
381 2756 424 2825 s).

195 2838 313 2895 Scbedns
334 2839 451 2914 denique
478 2843 598 2897 auctoris
619 2858 669 2914 per
690 2841 803 2914 longum
825 2847 933 2914 tempus
958 2843 1075 2898 circum-

129 2922 200 2981 latas
222 2932 305 2997 atquc
327 2926 505 3001 transcriptas
526 2942 601 2988 esse,
632 2927 654 2980 si
676 2925 737 2999 quis
758 2927 887 2988 miratur,
917 2927 941 2981 is
963 2926 1076 2983 Suetoni

127 3008 287 3064 consideret
308 3009 407 3073 uerba,
439 3013 485 3084 qui
506 3011 539 3067 de
560 3010 666 3066 Nerone
687 3026 770 3082 agens
791 3010 858 3066 baec
878 3009 960 3068 tradit
981 3009 1013 3082 (c.
1036 3010 1075 3068 52

128 3111 158 3167 p.
173 3093 243 3156 196,
261 3093 301 3150 36
312 3093 356 3165 nt:
380 3094 491 3169 „itaque
507 3095 540 3151 ad
555 3097 690 3169 poeticam
705 3112 810 3169 pronus
826 3098 944 3152 carmina
958 3095 1078 3151 libenter

127 3211 203 3217 ..ω-...-
207 3211 334 3219 ¹—a--m--n

199 3258 226 3324 *)
250 3259 422 3324 Tragoedias
438 3260 565 3310 ultimum
582 3264 683 3325 poetae
701 3275 810 3308 manum
828 3273 925 3324 passas
940 3273 995 3308 non
1014 3273 1075 3310 esse

126 3328 184 3378 iam
198 3327 308 3378 censuit
320 3327 351 3378 (l.
362 3328 539 3378 Hermcnnus
557 3325 603 3390 (el.
617 3327 690 3380 doct.
702 3329 781 3380 metr.
796 3327 877 3391 past
890 3327 1075 3390 „praesertim

125 3397 153 3446 ai
170 3409 269 3445 uerum
286 3399 328 3445 est
346 3395 417 3460 quod
435 3397 571 3460 suspicor,
596 3411 658 3445 non
677 3409 752 3446 osse
771 3395 820 3444 eis
838 3393 989 3444 ultimam
1007 3409 1074 3445 mc·

125 3477 204 3513 num
221 3462 441 3528 impositam“
460 3464 496 3513 of.
509 3463 565 3515 ibd.
579 3479 605 3528 p.
618 3465 667 3513 431
686 3478 772 3525 „cum
789 3489 822 3497 —
837 3477 877 3511 ne
896 3463 1075 3528 perfectae

127 3531 265 3597 quidem
283 3535 316 3580 et
332 3532 471 3596 penitus
489 3530 662 3596 expolitae
682 3529 781 3592 siut⁴‘).
