2526 3986
180 171 243 237 126
464 187 495 234 u.
512 185 645 232 uuuuur
661 182 820 232 spurces

177 326 273 388 sseete.
296 334 329 387 ut
344 325 476 394 recedes,
493 341 599 402 magne
614 341 685 403 pars
699 321 820 384 sceleris
834 328 933 383 temen
1123 341 1173 392 180

178 411 270 472 uestri
285 418 405 489 peracte
422 416 481 470 est:

151 529 166 565 0
513 492 615 552 Vidit
629 490 729 553 hostili
744 509 835 569 grege

179 597 299 658 campos
314 577 424 659 repleri
440 579 548 655 petria,
566 576 713 656 fulgentes
729 575 833 654 procui

178 665 267 726 ermis
283 671 417 725 cateruas
432 662 538 723 uidit.
570 663 701 739 equitatu
716 659 775 721 leui
1152 681 1209 730 545

177 749 298 810 cadmea
313 748 409 826 iruugi
424 754 509 825 prata
524 753 554 807 et
569 745 701 807 emeisos
716 746 791 805 rotis

177 831 303 894 uolitare
318 849 469 911 proceres,
486 833 554 910 igue
568 830 729 908 ilegruutes
744 827 844 890 trabes
1120 846 1171 899 185

178 918 301 987 iumure,
319 918 411 978 cineri
426 933 501 994 quae
515 921 620 994 petunt
635 921 752 974 nostres
767 912 872 974 domos

177 1002 342 1080 fratresque
357 1035 399 1050 «-
413 1000 527 1061 seusus
542 999 622 1080 quod
638 1017 750 1063 neurim
765 1008 795 1059 et
810 996 948 1059 Thebis
964 996 1020 1058 iuit
1034 1031 1079 1042 -

177 1089 207 1146 in
223 1104 255 1147 se
271 1092 406 1148 ruentes:
1155 1105 1209 1152 550

442 1168 535 1230 'fetus
549 1168 607 1229 hoe
623 1169 778 1243 exereitus,
974 1233 976 1238 ,

177 1255 235 1315 hoe
249 1253 378 1333 populus
395 1257 544 1333 utrimque
559 1259 665 1323 omnis,
680 1253 740 1314 true
753 1251 851 1312 uidit
865 1268 961 1321 soror,

177 1340 370 1417 genetrixque
386 1338 494 1406 uidit,
511 1355 579 1398 uam
595 1345 680 1417 puter
694 1336 783 1398 debet
795 1336 855 1396 sibi
1121 1354 1173 1406 190

177 1424 256 1503 quod
273 1425 326 1483 iste
343 1440 402 1483 nou
418 1425 572 1502 spectauit.
602 1429 743 1484 ssereret
755 1420 811 1482 tibi
902 1495 906 1500 ¹

177 1525 256 1568 nune
272 1507 411 1586 Oedipus,
428 1525 487 1587 que
502 1507 600 1568 iudiue
617 1509 728 1568 erroris
742 1523 862 1585 quoque

176 1609 290 1671 poenae
305 1599 456 1672 petuntur.
488 1610 525 1652 ne
540 1610 649 1670 precer
664 1592 745 1651 ferro
762 1607 833 1652 erue
1154 1613 1208 1660 555

176 1678 301 1756 patriam
317 1695 351 1738 ae
366 1684 490 1756 penates
504 1695 596 1746 neue,
614 1693 688 1754 ques
703 1693 808 1753 regere
825 1675 938 1754 expetis

177 1769 279 1823 euerte
295 1760 451 1822 Thebas.
1119 1779 1173 1830 195

148 1879 163 1914 e
324 1877 326 1882 ·
508 1845 578 1916 Quis
595 1852 674 1907 tenet
689 1842 937 1924 mentem—furor?

175 1929 304 2007 petendo
319 1930 446 2009 petrium
463 1929 581 2009 perdis?
603 1937 637 1990 ut
651 1929 702 1990 fiat
716 1937 774 2000 tue,

175 2016 222 2075 uis
238 2031 303 2075 esse
319 2014 448 2074 nullum?
471 2016 543 2093 quin
558 2023 627 2076 tuae
642 2032 749 2075 causae
765 2020 853 2074 uocet

175 2102 272 2177 ipsum
288 2099 346 2159 hoe
361 2099 441 2177 quod
457 2100 547 2160 ermis
563 2101 625 2159 uris
640 2099 754 2160 infestis
769 2096 865 2158 solum

175 2191 349 2263 segetesque
364 2182 480 2244 adultas
495 2184 603 2244 sternis
618 2192 648 2244 et
662 2191 742 2244 totus
757 2183 858 2260 iugem

176 2268 237 2328 edis
252 2286 307 2347 per
323 2284 425 2346 agros:
450 2285 537 2328 neruo
553 2270 596 2329 sic
610 2275 706 2328 uastat
720 2284 782 2329 sue.
1013 2342 1017 2349 Ι
1118 2287 1172 2336 ‘200

153 2369 166 2420 f
218 2351 299 2422 Quae
316 2352 426 2431 corripi
442 2353 510 2430 igne
525 2370 600 2430 quae
616 2353 686 2413 meti
702 2350 799 2430 gladio
814 2349 897 2412 iubes
958 2375 960 2382 ‘

175 2435 268 2498 aliene
286 2436 404 2498 eredis?
425 2455 479 2498 rex
496 2439 534 2498 sit
549 2455 566 2498 e
582 2437 668 2498 uubis
682 2443 750 2497 uter
1251 2469 1252 2494 ι

173 2530 311 2582 manente
327 2539 420 2600 regne
436 2523 579 2601 quaerite.
610 2522 684 2582 haee
700 2521 765 2582 telis
780 2530 864 2600 petes
1003 2533 1068 2583 Quat·
1087 2533 1117 2575 V¹
1152 2542 1205 2590 5⁶5
1251 2499 1252 2571 i

173 2605 357 2685 flammisque
376 2607 471 2667 tecte?
486 2610 599 2684 poteris
613 2606 666 2667 hes
681 2606 854 2683 Amphionis
1005 2619 1029 2660 r.
1044 2617 1204 2661 xxxxvuu

174 2708 313 2769 quassare
330 2689 442 2752 meles?
464 2689 542 2751 nuile
559 2708 635 2771 quae
649 2692 756 2752 struxit
771 2709 884 2762 manus,
1114 2710 1170 2759 205
1250 2699 1251 2775 q

243 2927 292 2976 186
310 2930 419 2991 petent
436 2928 467 2978 ci.
488 2927 562 2978 NHs.
593 2924 604 2993 ΙΙ
634 2929 682 2979 189
701 2931 730 2978 et
746 2927 864 2994 populus
882 2929 970 2978 omnis
987 2930 1093 2978 utrem·

140 3051 143 3058 .
173 3010 226 3060 que
244 2994 296 3044 hoe
313 2993 384 3044 uidit
401 3008 477 3044 soror
494 2994 520 3043 E
544 2992 610 3060 (hoc
628 3012 691 3061 pop.
712 2996 799 3046 omnis
816 2994 952 3059 utrimque
970 3001 989 3045 t.
1003 2996 1095 3053 Mis„

172 3061 224 3112 hoe
245 3062 382 3127 utrimque
405 3076 469 3127 pop.
487 3062 575 3112 omnis
597 3070 615 3112 t.
637 3063 727 3124 Gron.)
759 3066 787 3112 et
809 3062 926 3128 populus
949 3064 1038 3114 omnis
1065 3069 1095 3113 et

171 3134 288 3195 utreque
306 3129 359 3180 hoe
377 3145 405 3178 u.
419 3143 442 3179 s.
456 3128 480 3178 A
499 3129 552 3180 hoe
569 3145 632 3196 pop.
645 3132 782 3195 utrimque
801 3131 889 3181 omnis
902 3130 1057 3183 meruerim
1069 3127 1082 3196 ΙΙ

173 3198 222 3248 190
240 3197 303 3248 uidi
320 3199 352 3247 ei.
366 3196 441 3249 eur.
464 3193 476 3263 ΙΙ
500 3197 546 3247 191
566 3207 650 3262 emp·
672 3194 685 3264 ss
708 3200 757 3249 196
774 3199 893 3265 petendo
911 3198 1032 3263 petrium
1050 3199 1094 3248 Αε

174 3262 219 3328 (cf.
243 3265 303 3316 suo.
323 3267 382 3317 2⁶8.
413 3264 496 3314 Herc.
515 3265 558 3314 II.
578 3267 756 3321 18631uuen.
774 3274 825 3316 eat.
844 3266 903 3320 III.
922 3269 985 3317 m.
1017 3264 1092 3316 Ouid.

171 3333 226 3386 tier.
257 3333 307 3384 IX.
337 3331 402 3396 126)
429 3327 447 3448 (qi
482 3332 531 3383 198
558 3334 660 3383 uestris
687 3338 728 3384 uei
757 3334 862 3384 nostris
889 3341 913 3398 ψ
956 3335 1046 3384 uertis
1073 3349 1094 3383 α

171 3398 230 3446 uris
247 3400 272 3446 Ε
301 3397 315 3530 q]
343 3401 392 3450 199
409 3415 428 3450 ιι

221 3467 227 3477 ,
263 3466 269 3478 .
294 3461 299 3530 Ι
447 3404 523 3450 ustas
541 3402 565 3450 A
589 3400 700 3452 adultus
716 3401 743 3450 Ε
765 3397 776 3468 Η
805 3404 855 3452 906
873 3416 944 3466 ques
961 3417 984 3452 ω
1013 3415 1094 3465 queo

173 3478 267 3526 errrpsz
