<?xml version="1.0" encoding="UTF-8"?>
<!DOCTYPE html PUBLIC "-//W3C//DTD XHTML 1.0 Transitional//EN"
    "http://www.w3.org/TR/xhtml1/DTD/xhtml1-transitional.dtd">
<html xmlns="http://www.w3.org/1999/xhtml" xml:lang="en" lang="en">
 <head>
  <title>
</title>
<meta http-equiv="Content-Type" content="text/html;charset=utf-8" />
  <meta name='ocr-system' content='tesseract 3.04.00' />
  <meta name='ocr-capabilities' content='ocr_page ocr_carea ocr_par ocr_line ocrx_word'/>
</head>
<body>
  <div class='ocr_page' id='page_1' title='image "./lannaeisenecaet06senegoog_0106.png"; bbox 0 0 2526 3986; ppageno 0'>
   <div class='ocr_carea' id='block_1_1' title="bbox 423 199 786 282">
    <p class='ocr_par' dir='ltr' id='par_1_1' title="bbox 423 199 786 282">
     <span class='ocr_line' id='line_1_1' title="bbox 423 199 786 282; baseline 0.011 -24"><span class='ocrx_word' id='word_1_1' title='bbox 423 213 605 261; x_wconf 77' lang='lat' dir='ltr'><strong>nuncnunc</strong></span> <span class='ocrx_word' id='word_1_2' title='bbox 623 199 786 282; x_wconf 76' lang='lat' dir='ltr'><strong>[nunnus]</strong></span> 
     </span>
    </p>
   </div>
   <div class='ocr_carea' id='block_1_2' title="bbox 113 353 969 2639">
    <p class='ocr_par' dir='ltr' id='par_1_2' title="bbox 148 353 774 498">
     <span class='ocr_line' id='line_1_2' title="bbox 148 353 774 415; baseline 0.006 -4"><span class='ocrx_word' id='word_1_3' title='bbox 148 353 322 413; x_wconf 89' lang='lat' dir='ltr'><strong>uirtutis.</strong></span> <span class='ocrx_word' id='word_1_4' title='bbox 345 355 418 413; x_wconf 83' lang='lat' dir='ltr'><strong>aiter</strong></span> <span class='ocrx_word' id='word_1_5' title='bbox 433 371 525 414; x_wconf 90' lang='lat' dir='ltr'><strong>arma.</strong></span> <span class='ocrx_word' id='word_1_6' title='bbox 557 355 693 414; x_wconf 85' lang='lat' dir='ltr'><strong>uincatur</strong></span> <span class='ocrx_word' id='word_1_7' title='bbox 708 373 774 415; x_wconf 87' lang='lat' dir='ltr'><strong>mea</strong></span> 
     </span>
     <span class='ocr_line' id='line_1_3' title="bbox 151 436 398 498; baseline 0.016 -4"><span class='ocrx_word' id='word_1_8' title='bbox 151 436 268 496; x_wconf 79' lang='lat' dir='ltr'><strong>fortuna</strong></span> <span class='ocrx_word' id='word_1_9' title='bbox 286 438 398 498; x_wconf 80' lang='lat' dir='ltr'><strong>dextra.</strong></span> 
     </span>
    </p>

    <p class='ocr_par' dir='ltr' id='par_1_3' title="bbox 150 524 864 752">
     <span class='ocr_line' id='line_1_4' title="bbox 152 524 864 602; baseline 0.007 -23"><span class='ocrx_word' id='word_1_10' title='bbox 152 534 251 582; x_wconf 75' lang='lat' dir='ltr'><strong>runs.</strong></span> <span class='ocrx_word' id='word_1_11' title='bbox 435 532 503 583; x_wconf 89' lang='lat' dir='ltr'><strong>sunt</strong></span> <span class='ocrx_word' id='word_1_12' title='bbox 518 524 635 602; x_wconf 89' lang='lat' dir='ltr'><strong>quidem</strong></span> <span class='ocrx_word' id='word_1_13' title='bbox 653 525 745 602; x_wconf 85' lang='lat' dir='ltr'><strong>patris</strong></span> <span class='ocrx_word' id='word_1_14' title='bbox 759 541 864 601; x_wconf 81' lang='lat' dir='ltr'><strong>preces</strong></span> 
     </span>
     <span class='ocr_line' id='line_1_5' title="bbox 152 606 822 688; baseline 0.007 -24"><span class='ocrx_word' id='word_1_15' title='bbox 152 607 221 665; x_wconf 87' lang='lat' dir='ltr'><strong>satis</strong></span> <span class='ocrx_word' id='word_1_16' title='bbox 238 606 388 677; x_wconf 83' lang='lat' dir='ltr'><strong>efficaces,</strong></span> <span class='ocrx_word' id='word_1_17' title='bbox 406 608 455 669; x_wconf 85' lang='lat' dir='ltr'><strong>sed</strong></span> <span class='ocrx_word' id='word_1_18' title='bbox 473 615 575 684; x_wconf 91' lang='lat' dir='ltr'><strong>tamen</strong></span> <span class='ocrx_word' id='word_1_19' title='bbox 587 619 688 669; x_wconf 89' lang='lat' dir='ltr'><strong>nostro</strong></span> <span class='ocrx_word' id='word_1_20' title='bbox 704 627 822 688; x_wconf 91' lang='lat' dir='ltr'><strong>quoque</strong></span> 
     </span>
     <span class='ocr_line' id='line_1_6' title="bbox 150 691 369 752; baseline 0.009 -2"><span class='ocrx_word' id='word_1_21' title='bbox 150 691 369 752; x_wconf 86' lang='lat' dir='ltr'><strong>moneressetu.</strong></span> 
     </span>
    </p>

    <p class='ocr_par' dir='ltr' id='par_1_4' title="bbox 113 778 911 1188">
     <span class='ocr_line' id='line_1_7' title="bbox 113 778 806 857; baseline -0.003 -17"><span class='ocrx_word' id='word_1_22' title='bbox 113 785 132 840; x_wconf 87' lang='lat' dir='ltr'><strong>i&#39;</strong></span> <span class='ocrx_word' id='word_1_23' title='bbox 402 778 496 856; x_wconf 84' lang='lat' dir='ltr'><strong>Surge</strong></span> <span class='ocrx_word' id='word_1_24' title='bbox 511 784 541 838; x_wconf 90' lang='lat' dir='ltr'><strong>et</strong></span> <span class='ocrx_word' id='word_1_25' title='bbox 555 778 681 838; x_wconf 85' lang='lat' dir='ltr'><strong>aduersa</strong></span> <span class='ocrx_word' id='word_1_26' title='bbox 696 780 806 857; x_wconf 89' lang='lat' dir='ltr'><strong>impetu</strong></span> 
     </span>
     <span class='ocr_line' id='line_1_8' title="bbox 151 862 862 942; baseline 0.001 -19"><span class='ocrx_word' id='word_1_27' title='bbox 151 864 305 942; x_wconf 79' lang='lat' dir='ltr'><strong>perfringe</strong></span> <span class='ocrx_word' id='word_1_28' title='bbox 320 862 416 924; x_wconf 87' lang='lat' dir='ltr'><strong>solito.</strong></span> <span class='ocrx_word' id='word_1_29' title='bbox 447 881 527 923; x_wconf 88' lang='lat' dir='ltr'><strong>nunc</strong></span> <span class='ocrx_word' id='word_1_30' title='bbox 543 874 624 925; x_wconf 87' lang='lat' dir='ltr'><strong>tuum</strong></span> <span class='ocrx_word' id='word_1_31' title='bbox 641 864 712 924; x_wconf 86' lang='lat' dir='ltr'><strong>rruiii</strong></span> <span class='ocrx_word' id='word_1_32' title='bbox 727 867 862 942; x_wconf 88' lang='lat' dir='ltr'><strong>inparem</strong></span> 
     </span>
     <span class='ocr_line' id='line_1_9' title="bbox 152 949 814 1026; baseline 0 -19"><span class='ocrx_word' id='word_1_33' title='bbox 152 950 283 1008; x_wconf 92' lang='lat' dir='ltr'><strong>animum</strong></span> <span class='ocrx_word' id='word_1_34' title='bbox 301 949 377 1008; x_wconf 91' lang='lat' dir='ltr'><strong>malo</strong></span> <span class='ocrx_word' id='word_1_35' title='bbox 394 968 528 1016; x_wconf 88' lang='lat' dir='ltr'><strong>resume,</strong></span> <span class='ocrx_word' id='word_1_36' title='bbox 545 967 624 1008; x_wconf 91' lang='lat' dir='ltr'><strong>nunc</strong></span> <span class='ocrx_word' id='word_1_37' title='bbox 639 967 744 1026; x_wconf 89' lang='lat' dir='ltr'><strong>magua</strong></span> <span class='ocrx_word' id='word_1_38' title='bbox 763 949 814 1009; x_wconf 87' lang='lat' dir='ltr'><strong>tibi</strong></span> 
     </span>
     <span class='ocr_line' id='line_1_10' title="bbox 153 1034 911 1111; baseline 0.003 -19"><span class='ocrx_word' id='word_1_39' title='bbox 153 1035 295 1094; x_wconf 90' lang='lat' dir='ltr'><strong>uirtute</strong></span> <span class='ocrx_word' id='word_1_40' title='bbox 317 1035 464 1111; x_wconf 90' lang='lat' dir='ltr'><strong>agendum</strong></span> <span class='ocrx_word' id='word_1_41' title='bbox 480 1040 533 1094; x_wconf 88' lang='lat' dir='ltr'><strong>est.</strong></span> <span class='ocrx_word' id='word_1_42' title='bbox 557 1034 716 1094; x_wconf 83' lang='lat' dir='ltr'><strong>Herculem</strong></span> <span class='ocrx_word' id='word_1_43' title='bbox 731 1035 818 1094; x_wconf 90' lang='lat' dir='ltr'><strong>irasci</strong></span> <span class='ocrx_word' id='word_1_44' title='bbox 835 1042 911 1094; x_wconf 88' lang='lat' dir='ltr'><strong>neta.</strong></span> 
     </span>
     <span class='ocr_line' id='line_1_11' title="bbox 151 1117 862 1188; baseline 0.006 -13"><span class='ocrx_word' id='word_1_45' title='bbox 151 1130 253 1178; x_wconf 78' lang='lat' dir='ltr'><strong>Hunc.</strong></span> <span class='ocrx_word' id='word_1_46' title='bbox 285 1120 310 1177; x_wconf 89' lang='lat' dir='ltr'><strong>si</strong></span> <span class='ocrx_word' id='word_1_47' title='bbox 325 1121 396 1178; x_wconf 91' lang='lat' dir='ltr'><strong>uino</strong></span> <span class='ocrx_word' id='word_1_48' title='bbox 418 1119 474 1179; x_wconf 87' lang='lat' dir='ltr'><strong>ieci</strong></span> <span class='ocrx_word' id='word_1_49' title='bbox 490 1117 611 1188; x_wconf 86' lang='lat' dir='ltr'><strong>scelera,</strong></span> <span class='ocrx_word' id='word_1_50' title='bbox 627 1120 652 1178; x_wconf 92' lang='lat' dir='ltr'><strong>si</strong></span> <span class='ocrx_word' id='word_1_51' title='bbox 668 1121 779 1178; x_wconf 91' lang='lat' dir='ltr'><strong>morior</strong></span> <span class='ocrx_word' id='word_1_52' title='bbox 801 1117 862 1179; x_wconf 85' lang='lat' dir='ltr'><strong>tuti.</strong></span> 
     </span>
    </p>

    <p class='ocr_par' dir='ltr' id='par_1_5' title="bbox 114 1203 969 1944">
     <span class='ocr_line' id='line_1_12' title="bbox 114 1203 884 1281; baseline 0 -17"><span class='ocrx_word' id='word_1_53' title='bbox 114 1217 133 1264; x_wconf 84' lang='lat' dir='ltr'>k</span> <span class='ocrx_word' id='word_1_54' title='bbox 192 1203 328 1280; x_wconf 89' lang='lat' dir='ltr'><strong>Purgare</strong></span> <span class='ocrx_word' id='word_1_55' title='bbox 343 1211 438 1264; x_wconf 89' lang='lat' dir='ltr'><strong>terras</strong></span> <span class='ocrx_word' id='word_1_56' title='bbox 454 1222 594 1281; x_wconf 88' lang='lat' dir='ltr'><strong>propero.</strong></span> <span class='ocrx_word' id='word_1_57' title='bbox 624 1204 795 1264; x_wconf 89' lang='lat' dir='ltr'><strong>iamdudum</strong></span> <span class='ocrx_word' id='word_1_58' title='bbox 812 1204 884 1264; x_wconf 89' lang='lat' dir='ltr'><strong>mihi</strong></span> 
     </span>
     <span class='ocr_line' id='line_1_13' title="bbox 152 1289 969 1368; baseline 0.005 -22"><span class='ocrx_word' id='word_1_59' title='bbox 152 1295 317 1348; x_wconf 90' lang='lat' dir='ltr'><strong>monstrum</strong></span> <span class='ocrx_word' id='word_1_60' title='bbox 334 1291 447 1366; x_wconf 95' lang='lat' dir='ltr'><strong>inpium</strong></span> <span class='ocrx_word' id='word_1_61' title='bbox 464 1305 646 1368; x_wconf 90' lang='lat' dir='ltr'><strong>saeuumque</strong></span> <span class='ocrx_word' id='word_1_62' title='bbox 661 1297 690 1348; x_wconf 88' lang='lat' dir='ltr'><strong>et</strong></span> <span class='ocrx_word' id='word_1_63' title='bbox 704 1290 807 1348; x_wconf 87' lang='lat' dir='ltr'><strong>inmite</strong></span> <span class='ocrx_word' id='word_1_64' title='bbox 823 1308 856 1349; x_wconf 91' lang='lat' dir='ltr'><strong>ac</strong></span> <span class='ocrx_word' id='word_1_65' title='bbox 874 1289 969 1350; x_wconf 80' lang='lat' dir='ltr'><strong>ferum</strong></span> 
     </span>
     <span class='ocr_line' id='line_1_14' title="bbox 152 1372 819 1452; baseline 0.001 -21"><span class='ocrx_word' id='word_1_66' title='bbox 152 1372 280 1432; x_wconf 86' lang='lat' dir='ltr'><strong>oberrat.</strong></span> <span class='ocrx_word' id='word_1_67' title='bbox 312 1374 436 1452; x_wconf 80' lang='lat' dir='ltr'><strong>agedum</strong></span> <span class='ocrx_word' id='word_1_68' title='bbox 453 1374 557 1434; x_wconf 82' lang='lat' dir='ltr'><strong>dextra</strong></span> <span class='ocrx_word' id='word_1_69' title='bbox 574 1392 682 1434; x_wconf 89' lang='lat' dir='ltr'><strong>conare</strong></span> <span class='ocrx_word' id='word_1_70' title='bbox 698 1375 819 1450; x_wconf 78' lang='lat' dir='ltr'><strong>aggredi</strong></span> 
     </span>
     <span class='ocr_line' id='line_1_15' title="bbox 151 1458 804 1537; baseline 0.009 -23"><span class='ocrx_word' id='word_1_71' title='bbox 151 1458 254 1534; x_wconf 88' lang='lat' dir='ltr'><strong>ingens</strong></span> <span class='ocrx_word' id='word_1_72' title='bbox 271 1477 346 1537; x_wconf 90' lang='lat' dir='ltr'><strong>opus</strong></span> <span class='ocrx_word' id='word_1_73' title='bbox 362 1459 464 1520; x_wconf 88' lang='lat' dir='ltr'><strong>labore</strong></span> <span class='ocrx_word' id='word_1_74' title='bbox 479 1459 597 1520; x_wconf 86' lang='lat' dir='ltr'><strong>bisseno</strong></span> <span class='ocrx_word' id='word_1_75' title='bbox 614 1459 747 1537; x_wconf 88' lang='lat' dir='ltr'><strong>amplius.</strong></span> <span class='ocrx_word' id='word_1_76' title='bbox 763 1494 804 1502; x_wconf 92' lang='lat'><em>—</em></span> 
     </span>
     <span class='ocr_line' id='line_1_16' title="bbox 151 1543 845 1623; baseline 0.004 -24"><span class='ocrx_word' id='word_1_77' title='bbox 151 1544 262 1617; x_wconf 85' lang='lat' dir='ltr'><strong>ignauo</strong></span> <span class='ocrx_word' id='word_1_78' title='bbox 278 1561 374 1603; x_wconf 87' lang='lat' dir='ltr'><strong>cessas</strong></span> <span class='ocrx_word' id='word_1_79' title='bbox 390 1544 473 1603; x_wconf 80' lang='lat' dir='ltr'><strong>tortis</strong></span> <span class='ocrx_word' id='word_1_80' title='bbox 488 1546 518 1602; x_wconf 94' lang='lat' dir='ltr'><strong>in</strong></span> <span class='ocrx_word' id='word_1_81' title='bbox 535 1563 645 1623; x_wconf 88' lang='lat' dir='ltr'><strong>pueros</strong></span> <span class='ocrx_word' id='word_1_82' title='bbox 661 1543 748 1602; x_wconf 92' lang='lat' dir='ltr'><strong>modo</strong></span> <span class='ocrx_word' id='word_1_83' title='bbox 843 1589 845 1592; x_wconf 85' lang='lat'>.</span> 
     </span>
     <span class='ocr_line' id='line_1_17' title="bbox 152 1627 897 1706; baseline 0.004 -21"><span class='ocrx_word' id='word_1_84' title='bbox 152 1627 348 1706; x_wconf 86' lang='lat' dir='ltr'><strong>pauidamque</strong></span> <span class='ocrx_word' id='word_1_85' title='bbox 363 1629 505 1689; x_wconf 81' lang='lat' dir='ltr'><strong>matrem?</strong></span> <span class='ocrx_word' id='word_1_86' title='bbox 527 1648 612 1704; x_wconf 70' lang='lat' dir='ltr'><strong>arma,</strong></span> <span class='ocrx_word' id='word_1_87' title='bbox 626 1630 680 1688; x_wconf 90' lang='lat' dir='ltr'><strong>nisi</strong></span> <span class='ocrx_word' id='word_1_88' title='bbox 696 1627 802 1689; x_wconf 87' lang='lat' dir='ltr'><strong>dantur</strong></span> <span class='ocrx_word' id='word_1_89' title='bbox 818 1629 897 1699; x_wconf 89' lang='lat' dir='ltr'><strong>mihi,</strong></span> 
     </span>
     <span class='ocr_line' id='line_1_18' title="bbox 152 1714 801 1775; baseline 0.002 -2"><span class='ocrx_word' id='word_1_90' title='bbox 152 1721 200 1773; x_wconf 93' lang='lat' dir='ltr'><strong>aut</strong></span> <span class='ocrx_word' id='word_1_91' title='bbox 216 1731 304 1775; x_wconf 88' lang='lat' dir='ltr'><strong>omne</strong></span> <span class='ocrx_word' id='word_1_92' title='bbox 322 1714 405 1774; x_wconf 88' lang='lat' dir='ltr'>Pindi</span> <span class='ocrx_word' id='word_1_93' title='bbox 420 1714 532 1774; x_wconf 88' lang='lat' dir='ltr'><strong>thracis</strong></span> <span class='ocrx_word' id='word_1_94' title='bbox 548 1715 679 1775; x_wconf 82' lang='lat' dir='ltr'><strong>excidam</strong></span> <span class='ocrx_word' id='word_1_95' title='bbox 697 1731 801 1774; x_wconf 90' lang='lat' dir='ltr'><strong>nemus</strong></span> 
     </span>
     <span class='ocr_line' id='line_1_19' title="bbox 152 1797 749 1875; baseline 0 -17"><span class='ocrx_word' id='word_1_96' title='bbox 152 1798 321 1875; x_wconf 88' lang='lat' dir='ltr'><strong>Bacchique</strong></span> <span class='ocrx_word' id='word_1_97' title='bbox 337 1797 419 1859; x_wconf 90' lang='lat' dir='ltr'><strong>lucos</strong></span> <span class='ocrx_word' id='word_1_98' title='bbox 437 1809 466 1859; x_wconf 85' lang='lat' dir='ltr'><strong>et</strong></span> <span class='ocrx_word' id='word_1_99' title='bbox 482 1798 666 1859; x_wconf 72' lang='lat' dir='ltr'><strong>Cithaeronis</strong></span> <span class='ocrx_word' id='word_1_100' title='bbox 682 1801 749 1875; x_wconf 86' lang='lat' dir='ltr'><strong>iuga</strong></span> 
     </span>
     <span class='ocr_line' id='line_1_20' title="bbox 151 1883 437 1944; baseline 0.007 -2"><span class='ocrx_word' id='word_1_101' title='bbox 151 1901 268 1942; x_wconf 90' lang='lat' dir='ltr'><strong>mecum</strong></span> <span class='ocrx_word' id='word_1_102' title='bbox 285 1883 437 1944; x_wconf 89' lang='lat' dir='ltr'><strong>cremabo.</strong></span> 
     </span>
    </p>

    <p class='ocr_par' dir='ltr' id='par_1_6' title="bbox 133 1968 900 2217">
     <span class='ocr_line' id='line_1_21' title="bbox 133 1968 900 2029; baseline 0.003 -2"><span class='ocrx_word' id='word_1_103' title='bbox 133 1973 140 1991; x_wconf 95' lang='lat'><em>&#39;</em></span> <span class='ocrx_word' id='word_1_104' title='bbox 422 1979 426 1986; x_wconf 86' lang='lat'>&#39;</span> <span class='ocrx_word' id='word_1_105' title='bbox 470 1969 543 2028; x_wconf 89' lang='lat' dir='ltr'><strong>Tota</strong></span> <span class='ocrx_word' id='word_1_106' title='bbox 560 1986 626 2028; x_wconf 87' lang='lat' dir='ltr'><strong>cum</strong></span> <span class='ocrx_word' id='word_1_107' title='bbox 642 1968 759 2028; x_wconf 81' lang='lat' dir='ltr'><strong>taribus</strong></span> <span class='ocrx_word' id='word_1_108' title='bbox 774 1970 833 2029; x_wconf 90' lang='lat' dir='ltr'><strong>suis</strong></span> <span class='ocrx_word' id='word_1_109' title='bbox 898 1979 900 1983; x_wconf 83' lang='lat'>&#39;</span> 
     </span>
     <span class='ocr_line' id='line_1_22' title="bbox 152 2052 886 2132; baseline 0.004 -21"><span class='ocrx_word' id='word_1_110' title='bbox 152 2053 337 2131; x_wconf 89' lang='lat' dir='ltr'><strong>dominisque</strong></span> <span class='ocrx_word' id='word_1_111' title='bbox 355 2060 444 2122; x_wconf 87' lang='lat' dir='ltr'><strong>tecta,</strong></span> <span class='ocrx_word' id='word_1_112' title='bbox 462 2071 530 2114; x_wconf 88' lang='lat' dir='ltr'><strong>cum</strong></span> <span class='ocrx_word' id='word_1_113' title='bbox 546 2053 608 2114; x_wconf 84' lang='lat' dir='ltr'><strong>deis</strong></span> <span class='ocrx_word' id='word_1_114' title='bbox 624 2052 732 2132; x_wconf 83' lang='lat' dir='ltr'><strong>tempta</strong></span> <span class='ocrx_word' id='word_1_115' title='bbox 748 2052 886 2114; x_wconf 91' lang='lat' dir='ltr'><strong>omnihus</strong></span> 
     </span>
     <span class='ocr_line' id='line_1_23' title="bbox 153 2137 784 2217; baseline 0.005 -21"><span class='ocrx_word' id='word_1_116' title='bbox 153 2137 280 2198; x_wconf 87' lang='lat' dir='ltr'><strong>thebana</strong></span> <span class='ocrx_word' id='word_1_117' title='bbox 296 2155 385 2214; x_wconf 89' lang='lat' dir='ltr'><strong>supra</strong></span> <span class='ocrx_word' id='word_1_118' title='bbox 401 2156 509 2217; x_wconf 85' lang='lat' dir='ltr'><strong>corpus</strong></span> <span class='ocrx_word' id='word_1_119' title='bbox 525 2139 670 2215; x_wconf 83' lang='lat' dir='ltr'><strong>excipiam</strong></span> <span class='ocrx_word' id='word_1_120' title='bbox 686 2156 784 2199; x_wconf 90' lang='lat' dir='ltr'><strong>meum</strong></span> 
     </span>
    </p>

    <p class='ocr_par' dir='ltr' id='par_1_7' title="bbox 153 2222 791 2300">
     <span class='ocr_line' id='line_1_24' title="bbox 153 2222 791 2300; baseline 0 -18"><span class='ocrx_word' id='word_1_121' title='bbox 153 2229 240 2300; x_wconf 86' lang='lat' dir='ltr'><strong>atque</strong></span> <span class='ocrx_word' id='word_1_122' title='bbox 251 2223 330 2282; x_wconf 88' lang='lat' dir='ltr'><strong>urbe</strong></span> <span class='ocrx_word' id='word_1_123' title='bbox 346 2241 433 2283; x_wconf 88' lang='lat' dir='ltr'><strong>uersa</strong></span> <span class='ocrx_word' id='word_1_124' title='bbox 450 2222 561 2282; x_wconf 88' lang='lat' dir='ltr'><strong>condar</strong></span> <span class='ocrx_word' id='word_1_125' title='bbox 578 2231 607 2283; x_wconf 84' lang='lat' dir='ltr'><strong>et</strong></span> <span class='ocrx_word' id='word_1_126' title='bbox 622 2225 645 2281; x_wconf 89' lang='lat' dir='ltr'><strong>si</strong></span> <span class='ocrx_word' id='word_1_127' title='bbox 664 2222 791 2284; x_wconf 82' lang='lat' dir='ltr'><strong>fortibus</strong></span> 
     </span>
    </p>

    <p class='ocr_par' dir='ltr' id='par_1_8' title="bbox 152 2305 892 2385">
     <span class='ocr_line' id='line_1_25' title="bbox 152 2305 892 2385; baseline 0.003 -21"><span class='ocrx_word' id='word_1_128' title='bbox 152 2305 217 2368; x_wconf 82' lang='lat' dir='ltr'><strong>leue</strong></span> <span class='ocrx_word' id='word_1_129' title='bbox 235 2307 350 2385; x_wconf 90' lang='lat' dir='ltr'><strong>pondus</strong></span> <span class='ocrx_word' id='word_1_130' title='bbox 367 2309 477 2366; x_wconf 89' lang='lat' dir='ltr'><strong>umeris</strong></span> <span class='ocrx_word' id='word_1_131' title='bbox 493 2309 609 2368; x_wconf 90' lang='lat' dir='ltr'><strong>moenia</strong></span> <span class='ocrx_word' id='word_1_132' title='bbox 626 2310 747 2369; x_wconf 88' lang='lat' dir='ltr'><strong>inmissa</strong></span> <span class='ocrx_word' id='word_1_133' title='bbox 762 2307 892 2367; x_wconf 88' lang='lat' dir='ltr'><strong>incident</strong></span> 
     </span>
    </p>

    <p class='ocr_par' dir='ltr' id='par_1_9' title="bbox 152 2393 878 2471">
     <span class='ocr_line' id='line_1_26' title="bbox 152 2393 878 2471; baseline 0.001 -21"><span class='ocrx_word' id='word_1_134' title='bbox 152 2401 327 2471; x_wconf 84' lang='lat' dir='ltr'><strong>septemque</strong></span> <span class='ocrx_word' id='word_1_135' title='bbox 344 2399 465 2469; x_wconf 87' lang='lat' dir='ltr'><strong>opertus</strong></span> <span class='ocrx_word' id='word_1_136' title='bbox 481 2410 540 2455; x_wconf 93' lang='lat' dir='ltr'><strong>non</strong></span> <span class='ocrx_word' id='word_1_137' title='bbox 556 2393 626 2453; x_wconf 89' lang='lat' dir='ltr'><strong>satis</strong></span> <span class='ocrx_word' id='word_1_138' title='bbox 641 2394 735 2469; x_wconf 88' lang='lat' dir='ltr'><strong>portis</strong></span> <span class='ocrx_word' id='word_1_139' title='bbox 750 2409 878 2470; x_wconf 89' lang='lat' dir='ltr'><strong>premar,</strong></span> 
     </span>
    </p>

    <p class='ocr_par' dir='ltr' id='par_1_10' title="bbox 153 2475 870 2639">
     <span class='ocr_line' id='line_1_27' title="bbox 153 2475 857 2555; baseline -0.001 -20"><span class='ocrx_word' id='word_1_140' title='bbox 153 2494 228 2536; x_wconf 88' lang='lat' dir='ltr'><strong>onus</strong></span> <span class='ocrx_word' id='word_1_141' title='bbox 244 2495 331 2537; x_wconf 88' lang='lat' dir='ltr'><strong>omne</strong></span> <span class='ocrx_word' id='word_1_142' title='bbox 347 2477 443 2536; x_wconf 87' lang='lat' dir='ltr'><strong>media</strong></span> <span class='ocrx_word' id='word_1_143' title='bbox 459 2486 545 2555; x_wconf 89' lang='lat' dir='ltr'><strong>parte</strong></span> <span class='ocrx_word' id='word_1_144' title='bbox 562 2476 641 2553; x_wconf 92' lang='lat' dir='ltr'><strong>quod</strong></span> <span class='ocrx_word' id='word_1_145' title='bbox 657 2477 759 2536; x_wconf 90' lang='lat' dir='ltr'><strong>mundi</strong></span> <span class='ocrx_word' id='word_1_146' title='bbox 775 2475 857 2536; x_wconf 90' lang='lat' dir='ltr'><strong>sedet</strong></span> 
     </span>
     <span class='ocr_line' id='line_1_28' title="bbox 153 2561 870 2639; baseline -0.001 -19"><span class='ocrx_word' id='word_1_147' title='bbox 153 2561 323 2639; x_wconf 86' lang='lat' dir='ltr'><strong>dirimitque</strong></span> <span class='ocrx_word' id='word_1_148' title='bbox 339 2579 463 2638; x_wconf 88' lang='lat' dir='ltr'><strong>superos</strong></span> <span class='ocrx_word' id='word_1_149' title='bbox 479 2564 509 2620; x_wconf 94' lang='lat' dir='ltr'><strong>in</strong></span> <span class='ocrx_word' id='word_1_150' title='bbox 525 2579 625 2620; x_wconf 89' lang='lat' dir='ltr'><strong>meum</strong></span> <span class='ocrx_word' id='word_1_151' title='bbox 641 2568 756 2622; x_wconf 81' lang='lat' dir='ltr'><strong>nectam</strong></span> <span class='ocrx_word' id='word_1_152' title='bbox 773 2568 870 2638; x_wconf 91' lang='lat' dir='ltr'><strong>caput.</strong></span> 
     </span>
    </p>
   </div>
   <div class='ocr_carea' id='block_1_3' title="bbox 152 2731 355 2740">
    <p class='ocr_par' dir='ltr' id='par_1_11' title="bbox 152 2731 355 2740">
     <span class='ocr_line' id='line_1_29' title="bbox 152 2731 355 2740; baseline -0.005 -1"><span class='ocrx_word' id='word_1_153' title='bbox 152 2731 355 2740; x_wconf 70' lang='lat'><em>..-.-.,-——-—-</em></span> 
     </span>
    </p>
   </div>
   <div class='ocr_carea' id='block_1_4' title="bbox 133 2811 1116 3558">
    <p class='ocr_par' dir='ltr' id='par_1_12' title="bbox 133 2811 1116 3558">
     <span class='ocr_line' id='line_1_30' title="bbox 221 2811 1056 2882; baseline 0.002 -18"><span class='ocrx_word' id='word_1_154' title='bbox 221 2815 287 2864; x_wconf 91' lang='grc'><strong>1278</strong></span> <span class='ocrx_word' id='word_1_155' title='bbox 308 2814 376 2865; x_wconf 83' lang='lat' dir='ltr'><strong>affer</strong></span> <span class='ocrx_word' id='word_1_156' title='bbox 391 2817 417 2865; x_wconf 91' lang='lat' dir='ltr'><em>V</em></span> <span class='ocrx_word' id='word_1_157' title='bbox 430 2815 496 2864; x_wconf 84' lang='lat' dir='ltr'><strong>effer</strong></span> <span class='ocrx_word' id='word_1_158' title='bbox 510 2815 549 2865; x_wconf 89' lang='grc' dir='ltr'><strong>εΑ</strong></span> <span class='ocrx_word' id='word_1_159' title='bbox 567 2811 579 2882; x_wconf 78' lang='lat' dir='ltr'><strong>l]</strong></span> <span class='ocrx_word' id='word_1_160' title='bbox 602 2817 668 2865; x_wconf 88' lang='grc'><strong>1279</strong></span> <span class='ocrx_word' id='word_1_161' title='bbox 687 2815 745 2864; x_wconf 85' lang='lat' dir='ltr'><strong>Am.</strong></span> <span class='ocrx_word' id='word_1_162' title='bbox 759 2817 846 2864; x_wconf 75' lang='lat' dir='ltr'><strong>aaroni</strong></span> <span class='ocrx_word' id='word_1_163' title='bbox 856 2817 1036 2880; x_wconf 76' lang='lat' dir='ltr'><strong>praefioeumV</strong></span> <span class='ocrx_word' id='word_1_164' title='bbox 1044 2813 1056 2882; x_wconf 82' lang='grc' dir='ltr'><strong>ΙΙ</strong></span> 
     </span>
     <span class='ocr_line' id='line_1_31' title="bbox 133 2879 1067 2948; baseline 0.001 -17"><span class='ocrx_word' id='word_1_165' title='bbox 133 2881 277 2947; x_wconf 73' lang='grc' dir='ltr'><strong>;1ο11111111)</strong></span> <span class='ocrx_word' id='word_1_166' title='bbox 290 2883 500 2946; x_wconf 71' lang='lat' dir='ltr'><strong>naupliades-eo.</strong></span> <span class='ocrx_word' id='word_1_167' title='bbox 514 2899 543 2934; x_wconf 87' lang='lat' dir='ltr'><strong>m.</strong></span> <span class='ocrx_word' id='word_1_168' title='bbox 557 2882 583 2931; x_wconf 84' lang='lat' dir='ltr'><em>E</em></span> <span class='ocrx_word' id='word_1_169' title='bbox 601 2899 635 2932; x_wconf 82' lang='lat' dir='ltr'><strong>an</strong></span> <span class='ocrx_word' id='word_1_170' title='bbox 653 2885 819 2932; x_wconf 84' lang='lat' dir='ltr'><strong>nouerca?</strong></span> <span class='ocrx_word' id='word_1_171' title='bbox 837 2879 849 2948; x_wconf 76' lang='lat' dir='ltr'><strong>l]</strong></span> <span class='ocrx_word' id='word_1_172' title='bbox 872 2885 959 2947; x_wconf 86' lang='lat' dir='ltr'><strong>patris</strong></span> <span class='ocrx_word' id='word_1_173' title='bbox 976 2885 1002 2933; x_wconf 91' lang='lat' dir='ltr'><em>V</em></span> <span class='ocrx_word' id='word_1_174' title='bbox 1018 2901 1067 2948; x_wconf 87' lang='lat' dir='ltr'><strong>pa·</strong></span> 
     </span>
     <span class='ocr_line' id='line_1_32' title="bbox 150 2946 1069 3018; baseline 0.002 -20"><span class='ocrx_word' id='word_1_175' title='bbox 150 2952 222 3001; x_wconf 83' lang='lat' dir='ltr'><strong>triae</strong></span> <span class='ocrx_word' id='word_1_176' title='bbox 241 2950 291 2998; x_wconf 83' lang='grc' dir='ltr'><strong>ΕΑ</strong></span> <span class='ocrx_word' id='word_1_177' title='bbox 323 2946 334 3018; x_wconf 75' lang='lat' dir='ltr'><strong>d</strong></span> <span class='ocrx_word' id='word_1_178' title='bbox 365 2953 429 3000; x_wconf 84' lang='grc'><strong>1281</strong></span> <span class='ocrx_word' id='word_1_179' title='bbox 453 2966 563 3000; x_wconf 88' lang='lat' dir='ltr'><strong>mouere</strong></span> <span class='ocrx_word' id='word_1_180' title='bbox 581 2951 658 3016; x_wconf 75' lang='lat' dir='ltr'><strong>EVp</strong></span> <span class='ocrx_word' id='word_1_181' title='bbox 686 2966 815 3000; x_wconf 84' lang='lat' dir='ltr'><strong>moneare</strong></span> <span class='ocrx_word' id='word_1_182' title='bbox 835 2952 858 2999; x_wconf 89' lang='grc' dir='ltr'><em>Α</em></span> <span class='ocrx_word' id='word_1_183' title='bbox 889 2946 901 3016; x_wconf 69' lang='grc' dir='ltr'><strong>ΙΙ</strong></span> <span class='ocrx_word' id='word_1_184' title='bbox 931 2952 997 3000; x_wconf 86' lang='grc'><strong>1284</strong></span> <span class='ocrx_word' id='word_1_185' title='bbox 1025 2957 1069 3000; x_wconf 79' lang='lat' dir='ltr'><strong>est</strong></span> 
     </span>
     <span class='ocr_line' id='line_1_33' title="bbox 150 3014 1056 3085; baseline -0.002 -17"><span class='ocrx_word' id='word_1_186' title='bbox 150 3033 198 3070; x_wconf 83' lang='lat' dir='ltr'><strong>om.</strong></span> <span class='ocrx_word' id='word_1_187' title='bbox 215 3020 242 3067; x_wconf 91' lang='lat' dir='ltr'><em>V</em></span> <span class='ocrx_word' id='word_1_188' title='bbox 262 3014 274 3084; x_wconf 77' lang='grc' dir='ltr'>Η</span> <span class='ocrx_word' id='word_1_189' title='bbox 298 3021 363 3070; x_wconf 86' lang='grc'><strong>1286</strong></span> <span class='ocrx_word' id='word_1_190' title='bbox 376 3018 562 3068; x_wconf 84' lang='lat' dir='ltr'><strong>iamdumdum</strong></span> <span class='ocrx_word' id='word_1_191' title='bbox 580 3017 612 3068; x_wconf 66' lang='lat' dir='ltr'><strong>Vi</strong></span> <span class='ocrx_word' id='word_1_192' title='bbox 631 3015 721 3085; x_wconf 71' lang='grc'><strong>111288</strong></span> <span class='ocrx_word' id='word_1_193' title='bbox 736 3019 871 3084; x_wconf 85' lang='lat' dir='ltr'><strong>agendum</strong></span> <span class='ocrx_word' id='word_1_194' title='bbox 888 3019 915 3068; x_wconf 90' lang='lat' dir='ltr'><em>V</em></span> <span class='ocrx_word' id='word_1_195' title='bbox 916 3017 1033 3075; x_wconf 73' lang='grc' dir='ltr'><strong>Ι111314</strong></span> <span class='ocrx_word' id='word_1_196' title='bbox 1044 3015 1056 3083; x_wconf 80' lang='lat' dir='ltr'>ss</span> 
     </span>
     <span class='ocr_line' id='line_1_34' title="bbox 152 3084 1068 3152; baseline -0.001 -18"><span class='ocrx_word' id='word_1_197' title='bbox 152 3088 218 3136; x_wconf 88' lang='grc'><strong>1290</strong></span> <span class='ocrx_word' id='word_1_198' title='bbox 236 3087 374 3148; x_wconf 78' lang='lat' dir='ltr'><strong>ignauum</strong></span> <span class='ocrx_word' id='word_1_199' title='bbox 392 3087 501 3152; x_wconf 82' lang='lat' dir='ltr'><strong>ignaue</strong></span> <span class='ocrx_word' id='word_1_200' title='bbox 517 3086 624 3139; x_wconf 82' lang='lat' dir='ltr'><strong>LGron.</strong></span> <span class='ocrx_word' id='word_1_201' title='bbox 649 3084 660 3151; x_wconf 65' lang='lat' dir='ltr'><strong>il</strong></span> <span class='ocrx_word' id='word_1_202' title='bbox 690 3089 754 3136; x_wconf 84' lang='grc'><strong>1291</strong></span> <span class='ocrx_word' id='word_1_203' title='bbox 774 3085 945 3151; x_wconf 83' lang='lat' dir='ltr'><strong>pauidasque</strong></span> <span class='ocrx_word' id='word_1_204' title='bbox 965 3089 1068 3134; x_wconf 81' lang='lat' dir='ltr'><strong>matres</strong></span> 
     </span>
     <span class='ocr_line' id='line_1_35' title="bbox 149 3149 1067 3220; baseline -0.001 -18"><span class='ocrx_word' id='word_1_205' title='bbox 149 3161 172 3216; x_wconf 80' lang='grc' dir='ltr'><em>ψ</em></span> <span class='ocrx_word' id='word_1_206' title='bbox 244 3155 344 3204; x_wconf 83' lang='lat' dir='ltr'><strong>dantur</strong></span> <span class='ocrx_word' id='word_1_207' title='bbox 362 3153 387 3202; x_wconf 84' lang='lat' dir='ltr'><em>E</em></span> <span class='ocrx_word' id='word_1_208' title='bbox 406 3157 451 3204; x_wconf 78' lang='lat' dir='ltr'><strong>atta·</strong></span> <span class='ocrx_word' id='word_1_209' title='bbox 471 3161 498 3203; x_wconf 86' lang='lat' dir='ltr'><strong>ut</strong></span> <span class='ocrx_word' id='word_1_210' title='bbox 521 3155 622 3204; x_wconf 82' lang='lat' dir='ltr'><strong>uidetur</strong></span> <span class='ocrx_word' id='word_1_211' title='bbox 651 3157 749 3204; x_wconf 83' lang='lat' dir='ltr'><strong>dentur</strong></span> <span class='ocrx_word' id='word_1_212' title='bbox 771 3155 820 3204; x_wconf 77' lang='lat' dir='ltr'><strong>VA</strong></span> <span class='ocrx_word' id='word_1_213' title='bbox 850 3149 862 3220; x_wconf 74' lang='lat' dir='ltr'><strong>[l</strong></span> <span class='ocrx_word' id='word_1_214' title='bbox 891 3155 956 3203; x_wconf 89' lang='grc'><strong>1292</strong></span> <span class='ocrx_word' id='word_1_215' title='bbox 998 3153 1067 3201; x_wconf 90' lang='lat' dir='ltr'><strong>inidi</strong></span> 
     </span>
     <span class='ocr_line' id='line_1_36' title="bbox 154 3170 1067 3288; baseline -0.002 -18"><span class='ocrx_word' id='word_1_216' title='bbox 154 3223 179 3270; x_wconf 92' lang='lat' dir='ltr'><em>V</em></span> <span class='ocrx_word' id='word_1_217' title='bbox 237 3223 373 3272; x_wconf 87' lang='lat' dir='ltr'><strong>excisum</strong></span> <span class='ocrx_word' id='word_1_218' title='bbox 387 3221 506 3271; x_wconf 83' lang='lat' dir='ltr'><strong>B.Sclnn.</strong></span> <span class='ocrx_word' id='word_1_219' title='bbox 525 3219 536 3288; x_wconf 77' lang='lat' dir='ltr'><strong>d</strong></span> <span class='ocrx_word' id='word_1_220' title='bbox 560 3223 626 3272; x_wconf 79' lang='grc'><strong>1294</strong></span> <span class='ocrx_word' id='word_1_221' title='bbox 645 3226 765 3272; x_wconf 77' lang='grc'><strong>1111110111</strong></span> <span class='ocrx_word' id='word_1_222' title='bbox 782 3221 949 3274; x_wconf 82' lang='lat' dir='ltr'><strong>Vratisl.Bo.</strong></span> <span class='ocrx_word' id='word_1_223' title='bbox 970 3170 1067 3286; x_wconf 48' lang='lat' dir='ltr'><strong>{doum</strong></span> 
     </span>
     <span class='ocr_line' id='line_1_37' title="bbox 148 3289 1116 3341; baseline 0.001 -4"><span class='ocrx_word' id='word_1_224' title='bbox 148 3289 276 3341; x_wconf 82' lang='lat' dir='ltr'><strong>domibus</strong></span> <span class='ocrx_word' id='word_1_225' title='bbox 293 3307 314 3340; x_wconf 86' lang='lat' dir='ltr'><strong>co</strong></span> <span class='ocrx_word' id='word_1_226' title='bbox 339 3305 400 3340; x_wconf 89' lang='lat' dir='ltr'><strong>cum</strong></span> <span class='ocrx_word' id='word_1_227' title='bbox 419 3291 559 3340; x_wconf 78' lang='lat' dir='ltr'><strong>famarlis</strong></span> <span class='ocrx_word' id='word_1_228' title='bbox 580 3289 767 3340; x_wconf 66' lang='lat' dir='ltr'><strong>sustineam.</strong></span> <span class='ocrx_word' id='word_1_229' title='bbox 788 3305 847 3338; x_wconf 87' lang='lat' dir='ltr'><strong>cum</strong></span> <span class='ocrx_word' id='word_1_230' title='bbox 866 3289 986 3339; x_wconf 83' lang='lat' dir='ltr'><strong>laribus</strong></span> <span class='ocrx_word' id='word_1_231' title='bbox 1002 3291 1066 3338; x_wconf 81' lang='lat' dir='ltr'><strong>acri-</strong></span> <span class='ocrx_word' id='word_1_232' title='bbox 1112 3313 1116 3320; x_wconf 93' lang='lat'><em>·</em></span> 
     </span>
     <span class='ocr_line' id='line_1_38' title="bbox 146 3353 1067 3424; baseline 0 -18"><span class='ocrx_word' id='word_1_233' title='bbox 146 3359 191 3420; x_wconf 80' lang='lat' dir='ltr'><strong>pai</strong></span> <span class='ocrx_word' id='word_1_234' title='bbox 212 3353 225 3424; x_wconf 74' lang='lat' dir='ltr'>H</span> <span class='ocrx_word' id='word_1_235' title='bbox 250 3359 316 3408; x_wconf 89' lang='grc'><strong>1297</strong></span> <span class='ocrx_word' id='word_1_236' title='bbox 341 3373 440 3408; x_wconf 84' lang='lat' dir='ltr'><strong>euersa</strong></span> <span class='ocrx_word' id='word_1_237' title='bbox 457 3357 512 3408; x_wconf 87' lang='lat' dir='ltr'><strong>EV</strong></span> <span class='ocrx_word' id='word_1_238' title='bbox 525 3360 633 3410; x_wconf 83' lang='lat' dir='ltr'><strong>Vratist.</strong></span> <span class='ocrx_word' id='word_1_239' title='bbox 663 3373 745 3406; x_wconf 83' lang='lat' dir='ltr'><strong>uersa</strong></span> <span class='ocrx_word' id='word_1_240' title='bbox 764 3361 788 3406; x_wconf 84' lang='lat' dir='ltr'><strong><em>A</em></strong></span> <span class='ocrx_word' id='word_1_241' title='bbox 817 3354 829 3422; x_wconf 84' lang='grc' dir='ltr'><strong>ΙΙ</strong></span> <span class='ocrx_word' id='word_1_242' title='bbox 860 3358 925 3406; x_wconf 88' lang='grc'><strong>1298</strong></span> <span class='ocrx_word' id='word_1_243' title='bbox 943 3356 1067 3406; x_wconf 84' lang='lat' dir='ltr'><strong>incident</strong></span> 
     </span>
     <span class='ocr_line' id='line_1_39' title="bbox 147 3423 1065 3558; baseline -0.001 -83"><span class='ocrx_word' id='word_1_244' title='bbox 147 3424 237 3542; x_wconf 69' lang='lat' dir='ltr'><strong>dEVrp</strong></span> <span class='ocrx_word' id='word_1_245' title='bbox 265 3426 396 3558; x_wconf 73' lang='lat' dir='ltr'><strong>lqueident</strong></span> <span class='ocrx_word' id='word_1_246' title='bbox 414 3427 439 3475; x_wconf 85' lang='grc' dir='ltr'><em>Α</em></span> <span class='ocrx_word' id='word_1_247' title='bbox 480 3423 492 3492; x_wconf 82' lang='lat' dir='ltr'><strong>ll</strong></span> <span class='ocrx_word' id='word_1_248' title='bbox 533 3429 598 3476; x_wconf 82' lang='lat'>1300</span> <span class='ocrx_word' id='word_1_249' title='bbox 625 3424 697 3490; x_wconf 91' lang='lat' dir='ltr'><strong>quod</strong></span> <span class='ocrx_word' id='word_1_250' title='bbox 719 3425 811 3474; x_wconf 89' lang='lat' dir='ltr'><strong>mundi</strong></span> <span class='ocrx_word' id='word_1_251' title='bbox 829 3424 885 3474; x_wconf 87' lang='lat' dir='ltr'><strong>EV</strong></span> <span class='ocrx_word' id='word_1_252' title='bbox 913 3439 967 3488; x_wconf 87' lang='lat' dir='ltr'><strong>qua</strong></span> <span class='ocrx_word' id='word_1_253' title='bbox 990 3441 1065 3474; x_wconf 89' lang='lat' dir='ltr'><strong>muu-</strong></span> 
     </span>
     <span class='ocr_line' id='line_1_40' title="bbox 167 3494 677 3546; baseline 0.008 -4"><span class='ocrx_word' id='word_1_254' title='bbox 167 3507 198 3543; x_wconf 69' lang='grc'><strong>118</strong></span> <span class='ocrx_word' id='word_1_255' title='bbox 216 3494 241 3543; x_wconf 79' lang='grc' dir='ltr'><em>Α</em></span> <span class='ocrx_word' id='word_1_256' title='bbox 664 3523 677 3546; x_wconf 70' lang='lat' dir='ltr'><strong>a</strong></span> 
     </span>
    </p>
   </div>
   <div class='ocr_carea' id='block_1_5' title="bbox 0 0 1268 3986">
    <p class='ocr_par' dir='ltr' id='par_1_13' title="bbox 0 0 1268 3986">
     <span class='ocr_line' id='line_1_41' title="bbox 0 0 1268 3986; baseline 0 0"><span class='ocrx_word' id='word_1_257' title='bbox 0 0 1268 3986; x_wconf 95' lang='lat' dir='ltr'><strong> </strong></span> 
     </span>
    </p>
   </div>
  </div>
 </body>
</html>
