2550 3978
506 1117 656 1165 HECVBA.

96 1280 119 1329 at
164 1274 347 1352 Quicumque
363 1290 455 1350 regno
472 1274 535 1334 tidit
550 1283 580 1334 et
595 1289 701 1349 magna
717 1281 822 1351 potens

123 1357 286 1420 dominatur
301 1359 368 1420 aula
384 1377 440 1419 nec
455 1358 537 1419 leues
553 1360 655 1418 metuit
672 1359 742 1418 deos
908 1363 915 1372 '

123 1444 309 1522 auImumque
326 1443 416 1505 rebus
432 1442 587 1504 credulum
604 1443 688 1502 laetis
703 1442 797 1509 dedit,

123 1547 165 1588 me
181 1529 280 1589 uideat
296 1536 325 1589 et
340 1537 370 1590 te
385 1529 492 1589 Troia:
517 1544 577 1588 non
595 1544 734 1604 umquam
751 1527 817 1588 tuiit

39 1680 41 1689 y
114 1601 295 1675 nocumenta
312 1613 373 1674 sors
390 1614 499 1673 maiora
517 1631 604 1692 quam
623 1611 716 1688 tragili
734 1611 799 1671 ioco

122 1706 229 1759 starent
243 1697 375 1778 superbi.
406 1697 542 1758 columen
561 1715 697 1758 euersum
714 1695 821 1756 occidit

37 1823 39 1832 »
122 1783 255 1860 pollentis
271 1785 356 1844 Asiae
373 1781 508 1842 caelitum
527 1784 664 1860 egregius
680 1781 774 1841 labor.

95 1887 109 1922 a
161 1869 204 1928 Ad
220 1869 305 1929 cutus
321 1886 402 1928 arma
421 1869 503 1927 uenit
519 1869 612 1946 etqui
628 1865 766 1942 frigidum

122 1960 239 2030 septena
254 1952 367 2012 Tanain
384 1970 434 2013 ora
451 1951 629 2029 pandentem
647 1950 720 2010 bibit

122 2044 148 2096 et
162 2039 212 2116 qui
226 2043 363 2098 renatum
380 2039 494 2114 primus
510 2036 660 2113 excipiens
676 2036 752 2095 diem

122 2121 248 2198 tepidum
263 2121 386 2181 rubenti
402 2121 504 2196 Tigrin
521 2122 657 2181 inmiscet
673 2121 748 2180 freto

122 2213 148 2265 et
162 2225 238 2285 quae
253 2224 345 2283 uagos
361 2208 458 2266 uicina
475 2207 662 2283 prospiciens
678 2205 800 2284 Scythas

121 2290 211 2368 ripam
228 2293 357 2352 cateruis
372 2293 521 2369 ponticam
537 2291 634 2350 uitiuIs
651 2289 731 2358 terit,

124 2378 217 2438 excisa
235 2376 317 2436 ferro
334 2383 386 2436 est.
419 2375 594 2452 Pergamum
612 2373 744 2434 incubuit
760 2373 830 2434 sibi.

184 2629 353 2680 TROADES
366 2629 391 2677 E
402 2629 428 2677 V
437 2631 464 2678 c'n
475 2629 643 2692 inscriptione
662 2627 779 2679 TROAS
794 2631 819 2678 Α
835 2630 896 2681 Tim.
909 2632 944 2679 ad
955 2647 979 2679 u.
994 2632 1036 2679 64.

120 2698 264 2760 refutarunt
282 2698 398 2761 Scatiper
416 2705 442 2746 et
459 2697 553 2745 Daniel
569 2698 692 2746 Heincius
710 2701 810 2747 conlato
829 2699 977 2762 euripideae
994 2699 1036 2760 fa-

120 2764 187 2816 bulae
202 2768 300 2816 nomt'ne
313 2763 462 2815 HECVBA
479 2767 535 2814 cod.
552 2766 715 2828 tupdunensie
731 2769 756 2814 in
770 2766 790 2828 f.
806 2765 1036 2816 ValerireeProbuc

120 2832 182 2882 Inot.
201 2841 252 2884 art.
271 2850 298 2898 p.
317 2836 357 2890 47,
378 2835 418 2882 10.
438 2849 465 2895 p.
485 2836 525 2893 75,
547 2835 563 2881 3
582 2833 614 2881 L.
654 2833 790 2882 INCIPIT
810 2833 1009 2883 FELICITER
1029 2832 1032 2898 i

121 2898 297 2950 TROADVM
310 2902 325 2938 ὓ·
338 2899 487 2950 HECVBA
500 2899 525 2947 E
543 2899 631 2948 Marci
643 2900 724 2963 Lucij
740 2902 809 2950 Anci
823 2901 928 2952 Seneca
941 2902 1036 2950 Tnoaa

121 2965 256 3033 Tregedia
275 2973 355 3018 sexta
374 2967 498 3016 feliciter
513 2963 517 3031 1
537 2967 650 3032 Incipii.
668 2968 671 3030 i
687 2967 871 3020 HECVBAR
890 2969 990 3032 Incipit
1008 2972 1036 3019 6³

122 3037 220 3085 excidii
247 3036 316 3086 troie
346 3041 374 3084 et
400 3034 528 3100 planctus
558 3035 663 3084 hecnbe
693 3052 752 3086 cum
777 3038 859 3086 choro
888 3045 936 3088 etc,
977 3038 1035 3086 cod.

121 3105 322 3166 lugdunensisc.
343 3105 402 3153 370.

183 3358 200 3404 4
223 3371 277 3404 non
296 3370 435 3420 nunquam
453 3355 488 3404 E¹
512 3371 700 3420 nonunquam
722 3356 749 3419 (n
767 3355 853 3420 eraoo)
875 3354 910 3404 Ε2
926 3352 938 3420 Η
954 3355 970 3404 6
990 3369 1037 3405 oe·

121 3421 224 3485 cinito
248 3421 260 3489 Η
282 3426 299 3474 8
318 3438 388 3487 quae
406 3423 432 3471 E
446 3425 522 3487 prob.
543 3425 617 3476 NHa.
649 3425 740 3488 quin
765 3421 776 3489 ΙΙ
801 3425 832 3473 10
854 3425 957 3488 primus
982 3425 1035 3488 Ep

124 3488 195 3541 Voce.
213 3507 261 3555 mp.
279 3505 391 3556 prorsus
410 3493 434 3540 Α
458 3507 560 3556 pronus
579 3491 724 3541 Scriuerine
747 3488 759 3557 [l
