2502 3978
555 231 721 278 PHAEDRA

175 369 353 447 clarumque
369 369 442 430 caeli
459 370 540 430 sidus
557 379 586 430 et
600 371 694 430 noetis
711 370 801 430 decus

174 457 263 515 ouius
277 454 390 516 relucet
405 455 534 516 mundus
550 454 662 515 alterna
679 457 759 523 uice,

174 539 286 600 Hecate
302 540 446 599 triformis
462 557 499 600 en
515 540 584 600 ades
600 541 711 618 coeptis
727 538 839 600 laneus.
1109 551 1161 600 420

175 625 334 691 animum
351 625 496 700 rigentem
513 625 605 685 tristis
620 622 769 703 Hippolyti
783 624 898 684 doma.

176 726 277 768 amare
292 710 386 768 diseat
401 717 519 769 mutuos
535 711 619 786 ignes
635 710 710 768 lerat

175 793 225 852 det
240 792 333 853 laeilis
348 812 446 854 aures.
475 795 575 872 mitiga
591 801 695 871 peetus
710 794 817 855 lerum.

128 877 160 936 b'
216 877 367 938 lnuerte
381 886 554 946 mentem,
571 885 674 938 toruus
690 895 812 939 auersus
828 879 910 940 lerox
1079 891 1197 944 ousavur

174 964 203 1021 in
220 964 282 1021 iura
298 962 420 1022 Veneris
435 964 547 1023 redeat.
577 963 636 1022 huo
653 964 732 1023 uires
748 972 812 1025 tuas
978 977 999 1018 r.
1015 977 1095 1019 nxxu
1112 977 1163 1026 425

174 1046 305 1108 intende.
338 1049 380 1107 sic
396 1055 424 1108 te
441 1046 531 1107 luoidi
546 1047 647 1108 uultus
663 1047 760 1108 lerant

175 1139 204 1190 et
219 1130 298 1191 nube
313 1140 399 1209 rupta
416 1131 557 1192 cornibus
572 1134 657 1211 puris
672 1151 736 1200 eas,

174 1216 216 1275 sio
232 1224 260 1275 te
276 1224 429 1292 regentem
445 1217 529 1277 irena
546 1218 684 1277 nocturni
699 1217 825 1277 aetheris

174 1299 332 1361 detrahere
349 1318 510 1380 numquam
526 1301 646 1361 thessali
663 1309 766 1362 oantus
781 1311 890 1381 queant

175 1383 331 1464 nullusque
349 1386 385 1445 de
403 1395 431 1447 te
447 1385 570 1464 gloriam
585 1394 689 1464 pastor
704 1387 788 1447 leret.

137 1491 154 1525 c
218 1469 296 1530 Ades
312 1469 455 1530 inuocata.
486 1473 546 1531 iam
562 1471 642 1532 lauet
658 1472 736 1534 uotis
752 1471 821 1530 dea:

174 1555 271 1630 ipsum
287 1550 387 1614 intuor
402 1554 536 1616 solemne
553 1561 747 1616 uenerantem
763 1573 878 1616 sacrum

174 1637 256 1698 nullo
272 1637 348 1700 latus
364 1640 532 1700 comitante.
564 1641 633 1718 quid
650 1639 785 1700 dubitas?
809 1640 892 1700 dedit·

174 1730 291 1800 tempus
306 1721 464 1800 locumque
481 1743 581 1784 casus:
607 1725 746 1784 utendum
763 1724 885 1785 artibus.

131 1804 158 1863 e'
216 1807 427 1886 Trepidamus‘?
450 1809 529 1869 haud
545 1816 592 1885 est
609 1808 693 1869 laeile
709 1808 878 1870 mandatum
896 1810 992 1871 scelus
1109 1822 1160 1873 435

174 1892 298 1961 audere,
323 1911 427 1953 uerum
444 1895 518 1954 iusta
535 1895 585 1971 qui
601 1912 688 1972 reges
703 1895 787 1954 timet

174 1977 316 2053 deponat,
342 1995 429 2038 omne
444 1977 534 2056 pellat
548 1998 583 2038 ex
603 1981 700 2039 animo
717 1979 823 2038 decus:

172 2060 268 2121 malus
285 2068 330 2122 est
344 2064 481 2122 minister
496 2065 571 2140 regii
585 2064 703 2142 imperii
717 2063 823 2140 pudor.

133 2152 153 2201 d
216 2159 311 2208 ΗΙΡΡ.
336 2145 411 2216 Quid
427 2147 485 2207 hue
501 2146 609 2208 seniles
625 2148 702 2208 sessa
718 2147 831 2208 moliris
847 2151 956 2226 gradus

174 2249 191 2288 o
209 2230 266 2290 uda
282 2233 382 2292 nutrix
398 2232 545 2292 turbidam
563 2233 693 2292 frontem
710 2250 818 2310 gerens
1109 2245 1159 2296 440

174 2322 203 2374 et
220 2321 331 2376 maesta
347 2315 468 2376 uultus?
491 2334 594 2395 sospes
610 2325 654 2378 est
670 2325 750 2378 oerte
765 2335 874 2396 parens

174 2416 339 2478 sospesque
354 2401 487 2462 Phaedra
504 2403 605 2480 stirpis
620 2411 649 2462 et
666 2403 800 2478 geminae
817 2403 926 2479 iugum.

129 2481 156 2538 d‘
212 2497 315 2544 uvrn.
340 2485 435 2546 Metus
449 2487 582 2546 remitte:
602 2489 751 2565 'prospero
768 2502 893 2562 regnum
909 2488 937 2546 in
954 2493 1031 2547 statu
1048 2494 1091 2548 est

171 2567 336 2645 domusque
352 2569 464 2631 llorens
478 2580 559 2631 sorte
575 2570 653 2631 leliei
668 2571 758 2647 uiget.

171 2652 223 2712 sed
239 2659 271 2713 tu
287 2652 381 2715 beatis
396 2657 495 2715 mitior
510 2654 602 2715 nebus
617 2656 700 2715 ueni:
1105 2667 1156 2717 445

170 2755 300 2816 namque
316 2741 432 2799 anxiam
448 2757 499 2800 me
511 2757 582 2799 eura
598 2739 737 2800 sollicitat
752 2741 803 2798 tui.

172 2819 273 2900 [quod
287 2831 315 2884 te
330 2827 394 2900 ipse
403 2827 513 2901 poenis
525 2827 674 2898 pronitus
688 2825 817 2897 infestus
832 2824 962 2904 domas]

135 2929 150 2962 e
215 2905 308 2974 Quem
326 2907 384 2968 lata
402 2917 512 2986 cogunt
528 2908 577 2968 ille
597 2928 663 2968 eum
681 2911 766 2968 uenia
784 2917 827 2968 est
843 2911 946 2980 miser,

238 3109 289 3158 419
310 3110 374 3160 face
395 3111 418 3159 A
437 3111 500 3160 uioe
518 3106 568 3177 ΕΗ
583 3113 634 3160 420
654 3111 775 3161 aenades
788 3112 813 3160 E
832 3111 879 3174 (an
894 3111 959 3160 ades
977 3119 994 3160 t.
1011 3114 1058 3162 Ha.
1081 3110 1090 3180 ll

167 3176 219 3224 422
232 3178 324 3241 lepitnr
336 3180 363 3228 in
375 3178 401 3227 E
411 3185 471 3242 post
483 3197 506 3228 a.
522 3181 576 3228 423
589 3175 662 3244 [1424
679 3183 790 3228 innecte
804 3189 841 3242 εψ
858 3180 965 3230 inuerte
978 3181 1002 3228 A
1015 3175 1026 3244 ΙΙ
1038 3181 1087 3230 431

167 3243 234 3292 leue
246 3243 287 3292 ‘El
312 3245 392 3295 leues
411 3262 430 3294 α
447 3247 526 3295 fauet
544 3245 609 3309 Ε3ψ
631 3243 642 3311 Η
661 3248 711 3296 436
729 3247 805 3296 iussa
823 3247 870 3310 qui
888 3248 963 3309 regis
983 3248 1062 3297 timet
1080 3245 1089 3312 ll

165 3311 217 3362 437
237 3311 360 3378 deponet
372 3329 451 3363 omne
471 3319 499 3363 et
511 3314 599 3378 pellat
618 3330 640 3362 e.
656 3329 682 3364 a.
696 3314 721 3362 d.
740 3314 853 3366 oiNHe.
867 3310 879 3380 Η
890 3315 940 3362 446
960 3317 1087 3364 anxiame
1168 3361 1172 3366 .

165 3377 215 3445 ΕΗ
230 3381 281 3431 447
295 3379 389 3430 domas
402 3381 427 3430 Ε
444 3383 585 3432 Vossianus
603 3395 704 3446 graues
717 3382 741 3429 A
760 3397 860 3430 uersum
878 3384 1006 3431 damnauit
1024 3382 1088 3433 Soa·

165 3450 232 3512 liper
243 3444 255 3513 ss
266 3445 318 3497 448
336 3449 381 3498 hio
401 3448 509 3512 quidem
528 3451 607 3498 uiuat
625 3451 707 3497 miser
726 3447 794 3497 ΑΕ3
814 3451 850 3499 nd
860 3465 939 3514 marp.
959 3450 1006 3500 ille
1026 3467 1087 3501 num

163 3515 249 3564 uenia
268 3520 311 3564 est
328 3516 411 3565 miser
428 3515 453 3564 Ε
476 3512 487 3582 ΙΙ
