2526 3986
436 210 818 263 enormen-tacunarum
1022 201 1083 267 115

131 403 134 420 ,
163 350 289 430 probate
305 352 396 422 factis,
413 351 537 430 gloriam
554 371 588 413 ac
603 352 706 414 laudes
721 371 802 415 meas
1100 364 1150 418 335

162 444 301 513 superate
313 444 342 497 et
356 436 499 514 aliquid
514 439 642 506 facite,
659 445 815 518 propter
830 439 924 519 quod
939 447 1080 518 patrem

162 521 260 583 adhuc
275 522 357 583 iuuet
372 520 489 584 uixisse.
518 521 630 583 facietis
645 524 722 583 scio:

160 608 204 666 sic
220 606 289 667 estis
304 607 370 668 orii.
396 606 510 668 scelere
525 607 647 685 defungi
663 607 735 669 haut
750 606 810 668 leui

160 690 232 752 haut
248 692 355 752 usitato
370 699 450 754 tanta
465 690 602 753 nobilitas
617 699 724 770 potest.

129 785 148 835 b
204 775 293 836 ferte
309 793 400 837 arma.
424 774 538 837 facibus
553 777 644 855 petite
659 775 828 855 penetrales
843 775 914 839 deos
1096 789 1146 840 340

160 859 336 939 frugemque
351 861 468 932 flamma
485 862 586 921 metite
601 860 708 922 natalis
724 860 788 923 soli.

158 947 281 1006 miscete
296 953 412 1015 cuncta,
429 946 525 1026 rapite
539 947 569 1006 iu
585 947 706 1006 exitium
723 946 830 1007 omnia.

159 1027 287 1091 dissicite
302 1031 412 1109 passim
427 1033 559 1099 moenia,
575 1032 605 1090 in
622 1031 742 1109 planum
759 1030 836 1092 date.

157 1115 276 1193 templis
291 1114 364 1176 deos
379 1114 504 1185 obruite,
520 1113 681 1176 maculatos
696 1114 774 1177 lares

159 1198 296 1260 conflate.
322 1199 361 1260 ab
377 1201 438 1260 imo
452 1205 512 1260 tota
529 1199 663 1260 considat
678 1200 793 1261 domus.

71 1319 82 1356 q
116 1281 145 1341 b'
200 1281 277 1345 Vrbs
293 1293 509 1368 concremetur,
536 1285 652 1364 primus
667 1302 682 1344 a
698 1283 835 1345 thalamis
850 1285 922 1346 meis

156 1367 278 1446 incipiat
292 1371 376 1446 ignis.

155 1453 249 1513 Nunt.
409 1455 491 1514 mitte
506 1453 669 1515 uiolentum
684 1455 829 1534 impetum

156 1535 268 1597 doloris
282 1556 317 1598 ac
333 1545 361 1598 te
376 1537 494 1617 publica
510 1546 635 1599 exorent
650 1538 726 1598 mala
791 1561 795 1568 ·

155 1627 317 1702 auctorque
332 1622 465 1700 placidae
478 1621 582 1685 liberis
596 1626 678 1700 pacis
693 1623 772 1684 ueni.

155 1717 273 1766 ounre.
297 1706 368 1784 quid
383 1725 430 1768 me
445 1708 594 1768 modestae
610 1707 741 1768 deditum
757 1707 847 1768 menti
862 1724 963 1768 senem
1090 1717 1141 1769 350

154 1787 346 1871 placidaeque
363 1798 510 1853 amantem
526 1793 608 1870 pacis
623 1792 659 1852 ad
675 1798 774 1870 partes
789 1793 897 1852 nocasf

121 1881 141 1932 b
198 1874 304 1936 Tumet
319 1877 434 1938 animus
448 1879 503 1947 ira,
519 1877 615 1937 feruet
630 1878 782 1937 inmensus
797 1875 891 1938 dolor.

153 1959 967 2042 mmfflfflmmmm,

153 2053 278 2106 conatur
295 2045 404 2124 aliquid
421 2048 517 2124 cupio.
546 2063 606 2106 non
621 2048 692 2107 satis
707 2054 751 2107 est
766 2045 863 2107 adhuc

152 2127 240 2190 ciuile
256 2128 383 2191 bellum:
400 2132 491 2192 frater
506 2131 536 2191 in
552 2131 674 2192 fratrem
690 2138 766 2192 ruat.

151 2231 208 2274 nec
223 2214 281 2274 hoc
296 2217 384 2275 satis:
400 2215 479 2295 quod
496 2214 593 2285 debet,
610 2222 642 2276 ut
656 2216 705 2274 fiat
720 2217 802 2277 nefas

152 2295 190 2359 de
204 2317 288 2360 more
304 2306 405 2361 nostro
422 2300 501 2379 quod
517 2317 601 2361 meos
616 2300 719 2362 deceat
734 2301 830 2363 toros:

109 2377 139 2439 h'
194 2383 268 2444 Date
283 2401 365 2445 arma
380 2386 466 2463 patri.
483 2417 525 2428 -
539 2402 628 2444 nemo
642 2403 691 2444 me
707 2404 741 2446 ex
757 2385 803 2445 his
819 2391 902 2446 eruat

151 2465 250 2528 siluis:
267 2466 365 2529 latebo
382 2471 464 2548 rupis
479 2487 584 2530 exesae
600 2487 673 2529 cauo

149 2561 200 2613 aut
215 2570 286 2632 sepe
302 2552 391 2614 densa
408 2572 517 2633 corpus
531 2551 698 2614 abstrusum
716 2561 822 2632 tegam.

149 2635 220 2698 hinc
236 2637 407 2718 aucupabor
422 2637 513 2701 uerba
530 2639 660 2698 rumoris
676 2639 743 2715 uagi

150 2727 180 2780 et
195 2738 283 2782 saeua
299 2722 425 2783 fratrum
442 2722 518 2784 bella
535 2722 613 2802 quod
629 2739 749 2801 possum
766 2721 892 2782 audiam.

216 3025 268 3076 340
284 3025 437 3090 penetriles
454 3026 480 3076 Ε
507 3023 520 3092 11
548 3028 595 3078 341
619 3024 786 3092 frigiamque
804 3027 941 3076 flammam
959 3031 987 3078 et
1005 3031 1066 3078 ete·

145 3092 205 3141 rias
217 3091 270 3141 tali
283 3092 336 3143 soli
349 3094 373 3142 Ε
395 3094 557 3160 frugemque
576 3095 686 3144 flamme
703 3094 799 3144 metite
818 3093 922 3144 natalis
940 3094 992 3144 soli
1003 3095 1030 3145 Α

145 3160 197 3211 342
215 3159 330 3211 miscete
348 3177 417 3212 corr.
436 3178 472 3212 erc
489 3163 605 3212 miscere
624 3160 658 3210 E¹
679 3157 692 3228 ΙΙ
712 3162 825 3212 exilium
840 3161 866 3212 Α
885 3162 998 3212 exitium
1016 3175 1030 3213 ε

144 3227 196 3279 34⁷
213 3226 296 3278 ANT.
315 3229 394 3279 mitte
414 3242 452 3280 ecc
469 3229 551 3281 ΔΝΤ.
565 3232 630 3279 aute
644 3229 736 3293 (ANT.
751 3233 784 3280 al.
796 3237 821 3293 ψ
832 3229 929 3296 onam
946 3228 1061 3296 Nr'rnciq.

145 3310 211 3345 arce
230 3295 254 3344 R
287 3296 411 3348 NVN'P.
437 3298 516 3348 mitte
538 3299 634 3361 scripsi
660 3293 672 3363 ΙΙ
705 3298 756 3348 350
776 3296 856 3347 uides
879 3295 1021 3348 modestae
1040 3313 1062 3347 ω

143 3378 215 3413 corr.
233 3363 311 3414 Nlla.
341 3360 355 3430 ll
382 3366 432 3416 362
449 3365 612 3415 immensum
630 3366 654 3414 A
678 3365 827 3414 immensus
844 3364 894 3415 llll
915 3361 928 3430 ΙΙ
950 3366 1000 3417 356
1018 3370 1063 3415 sat

145 3433 189 3481 est
201 3431 227 3480 Α
245 3431 317 3482 setis
336 3436 379 3481 est
390 3432 440 3483 ER
457 3434 526 3483 satis
542 3435 638 3497 scripsi
655 3431 715 3495 (am
733 3429 846 3497 satietf)
869 3427 881 3498 ll
909 3433 957 3484 361
978 3448 1062 3483 ancu-

142 3497 233 3564 pabor
250 3514 320 3552 corr.
339 3515 375 3550 ecc
392 3515 551 3566 aucupauor
568 3499 603 3550 ΕΙ

813 3584 858 3650 80
