2550 3978
601 153 722 200 munna
1055 137 1118 201 279

204 312 288 356 mens
302 293 380 353 intus
397 294 500 368 agitat,
518 291 640 352 uulnera
658 300 684 350 et
701 293 819 352 caedem
837 300 866 353 et
881 311 989 371 uagum

205 381 292 440 funus
307 396 361 457 per
378 386 467 437 artus
498 375 575 435 leuia
592 379 755 437 memoraui
772 379 871 438 nimis:

204 465 278 525 haec
295 465 378 540 uirgo
394 463 465 532 leci,
483 461 602 538 grauior
619 471 742 539 exurgat
758 461 851 522 dolor,

133 574 136 598 r
169 551 204 610 a''
248 549 358 608 Maiora
374 548 431 606 iam
447 565 494 605 me
510 545 621 606 scelera
637 556 705 624 pust
721 555 821 624 partus
837 548 956 608 decent:
1137 559 1169 608 50

205 633 360 710 accingere
375 633 418 692 ira
434 638 524 710 teque
539 631 570 689 in
586 631 708 697 exitium
725 650 796 710 para

205 718 307 777 lurore
322 724 392 777 tote.
424 717 505 795 paria
521 724 680 776 narrentur
694 723 743 776 tua

204 801 326 881 repudia
344 801 490 861 thalamis.
522 818 579 878 quo
596 802 693 860 uirum
709 802 816 879 linquis
832 800 939 860 nodet

204 887 262 947 lruc
278 904 337 963 quo
353 895 452 945 secuta
471 902 512 945 ee.
544 902 651 964 rumpe
665 888 724 945 ism
741 902 847 962 segnes
864 903 976 944 moras:

205 990 280 1050 quae
296 971 409 1031 scelere
425 977 508 1048 parta
524 978 582 1037 est,
599 969 712 1031 scelere
728 969 887 1050 linquenda
904 976 948 1032 est
964 969 1078 1029 domus.
1136 983 1168 1033 65

588 1235 734 1284 GHORVS.

172 1420 190 1453 a
335 1393 379 1453 Ad
394 1411 499 1469 regum
513 1352 659 1471 thalamos
676 1395 796 1453 numine
811 1411 957 1472 prospero

291 1479 341 1557 qui
357 1477 470 1538 caelum
487 1478 586 1554 superi
603 1479 712 1556 quique
728 1484 835 1554 regunt
850 1477 959 1538 fretum

291 1563 385 1622 adsint
401 1581 467 1622 cum
483 1560 601 1639 pupulis
617 1562 672 1620 rite
689 1561 864 1649 fauentibus.

336 1731 468 1792 Primum
485 1730 666 1808 sceptriferis
683 1728 756 1790 colla
773 1731 942 1791 tonantibus

189 1891 191 1894 Ι
293 1827 396 1876 taurus
412 1814 489 1875 celsa
505 1817 581 1876 ierat
597 1822 715 1892 tergore
732 1815 869 1885 candido,

292 1901 432 1960 Lucinam
450 1901 528 1960 niuei
544 1900 651 1960 semina
669 1902 803 1978 corperis

292 1989 463 2064 intemptata
479 1986 548 2060 iugo
564 1983 661 2064 placet
677 1991 705 2045 et
721 2003 839 2063 aspera.

335 2153 436 2214 Martis
452 2153 627 2231 sanguineas
643 2172 718 2231 quae
734 2154 852 2215 cohibet
867 2173 986 2224 manus,

287 2256 370 2316 quae
387 2238 436 2298 det
451 2237 602 2313 belligeris
618 2238 736 2299 foedera
754 2238 890 2317 gentihus

293 2331 322 2384 et
339 2341 431 2383 cornu
448 2323 555 2383 retinet
571 2323 662 2383 diuite
678 2325 808 2400 copiam,
859 2335 865 2351 ·

209 2401 212 2407 ’
294 2407 420 2482 donetur
436 2414 538 2468 tenera
555 2408 655 2468 mitior
670 2407 774 2468 hostia.

340 2577 382 2636 Et
396 2583 434 2636 tu
451 2577 511 2654 qui
527 2576 641 2637 lacibus
657 2575 793 2653 legitimis
809 2577 879 2638 ades

294 2668 411 2720 nectem
430 2660 590 2722 discutiens
606 2663 725 2738 auspice
742 2663 877 2732 dextera,
908 2663 909 2666 ’

292 2746 352 2805 huc
367 2745 470 2806 incede
487 2747 579 2823 gradu
596 2747 743 2807 marcidus
759 2747 842 2818 ebrio
880 2779 881 2782 ¹

293 2830 488 2908 praecingens
504 2849 591 2892 resen
608 2837 742 2908 tempora
758 2832 886 2894 uinculo.
1144 2845 1176 2894 70

276 3103 308 3150 47
327 3116 414 3165 uagos
435 3117 453 3149 α
465 3097 476 3166 ll
488 3103 521 3152 53
540 3101 647 3166 linques
666 3103 691 3152 Α
711 3101 814 3166 linquis
833 3111 870 3165 εψ
884 3099 895 3168 ΙΙ
908 3104 940 3153 55
959 3104 1044 3166 pacta
1063 3099 1126 3161 ΕΕψ

210 3169 361 3236 partasEA
385 3165 397 3234 ΙΙ
420 3168 525 3218 scelere
544 3173 685 3232 rumpetur
703 3169 771 3219 fides
789 3171 829 3219 ilfi
847 3185 885 3220 sc.
905 3170 1044 3232 linquetur
1064 3164 1126 3230 (liu-

209 3241 310 3298 quutur
329 3237 363 3300 ψ)
384 3238 478 3285 domus
496 3236 521 3284 A
540 3251 578 3286 sc.
595 3237 747 3301 linquenda
766 3241 808 3287 eet
827 3238 922 3287 domus
940 3237 966 3286 E
988 3233 1000 3303 l}
1024 3237 1056 3286 59
1074 3236 1128 3300 pri-

210 3318 268 3352 mus
281 3305 305 3353 Α
324 3305 440 3369 primum
452 3303 478 3351 E
490 3299 501 3369 ll
517 3305 548 3352 61
568 3305 699 3355 feminam
711 3305 736 3354 E
747 3301 759 3370 ll
776 3308 808 3355 62
826 3305 929 3370 placet.
950 3308 977 3353 et
997 3303 1089 3368 asperi
1107 3320 1128 3353 ω

211 3384 279 3419 corr.
297 3372 362 3420 ΕΡ.
383 3375 440 3422 coll.
463 3373 656 3437 Veryctieory.
679 3373 737 3422 III.
750 3376 797 3423 56:
816 3377 864 3422 aut
882 3373 948 3438 iuge
966 3373 1127 3422 detractans

211 3435 400 3503 interdumque
420 3455 520 3504 aspere
539 3454 631 3492 cornu.
656 3436 668 3506 ll
