2526 3986
191 203 232 267 70
471 213 823 262 u.nunsn1suuucnu
877 221 880 228 -

189 357 256 418 hac
271 374 338 436 spe
353 355 476 418 minanti
491 353 603 416 fulmen
619 361 756 414 occurret
771 353 844 423 loni,

151 450 178 508 h'
231 441 259 502 Η
266 459 307 502 ac
328 458 394 519 spe
409 439 520 501 subibit
535 440 660 518 gurgitis
675 439 778 501 tumidi
793 439 888 499 minas

192 525 374 605 dubiumque
389 523 503 604 libycae
519 523 613 603 Syrtis
627 524 750 585 intrabit
764 523 882 594 fretum,

191 610 258 672 hac
279 628 359 690 spe,
378 610 456 689 quod
473 627 537 671 esse
553 611 714 670 marimum
729 615 813 670 retur
829 607 946 677 malum,

189 694 313 758 fratrem
328 694 448 770 uidebit.

190 792 264 841 nnn.
477 780 542 859 quis
556 778 646 840 iidem
661 779 744 858 pacis
759 775 857 838 dabit?

190 865 238 926 cui
253 871 332 925 tanta
348 863 468 925 credet?

190 963 269 1010 ΛΤΒ.
500 946 621 1009 credula
638 954 682 1008 est
697 965 779 1027 spes
795 945 929 1025 inproba.

164 1049 174 1096 i
234 1034 336 1095 Gnatis
350 1040 453 1114 tamen
464 1033 601 1095 mandata
617 1049 694 1112 quae
708 1038 814 1112 patruo
831 1031 926 1092 ierant

191 1111 469 1186 dabimuszrel'ietis
485 1116 553 1180 exul
568 1118 704 1197 hospitiis
719 1133 812 1194 uagus

189 1222 283 1282 regno
298 1211 332 1264 ut
345 1203 522 1264 miserias
537 1210 631 1264 mutet
646 1209 735 1279 atque
749 1202 845 1279 Argos
860 1209 943 1278 regat

191 1307 227 1349 ex
242 1294 326 1365 parte
342 1288 487 1349 dominus.
516 1288 539 1348 si
556 1288 645 1348 nimis
660 1287 753 1348 durus
768 1303 873 1364 preces

191 1379 311 1450 spernet
323 1372 484 1451 Thyestes:
506 1370 617 1433 liberos
632 1373 696 1432 eius
711 1370 801 1432 rudes

108 1517 111 1523 .
189 1456 335 1537 malisque
350 1456 445 1517 fessos
460 1456 602 1534 grauibus
619 1455 762 1518 ‹et-faciles
778 1457 843 1536 capi

190 1559 296 1621 preces
311 1541 483 1602 monebunt.

155 1638 174 1698 i'
538 1626 614 1687 Hinc
629 1632 715 1687 uetus
731 1626 817 1704 regni
832 1624 917 1685 furor

191 1708 272 1771 illine
289 1718 403 1788 egestas
419 1711 508 1772 tristis
524 1729 563 1772 uc
578 1711 672 1772 durus
686 1708 772 1771 labor

78 1819 82 1826 ·
189 1798 324 1874 quamuis
338 1797 484 1872 rigentem
501 1802 544 1856 tot
558 1795 643 1856 malis
658 1793 795 1872 subigent
809 1795 916 1854 uirum.

190 1891 264 1940 snm
291 1881 350 1939 iam
366 1887 483 1958 tempus
498 1878 538 1940 illi
553 1881 623 1942 iecit
638 1898 797 1941 aerumnas
812 1877 903 1940 lenes,

189 1976 270 2024 ΛΤΒ.
299 1982 400 2025 erras:
417 1963 564 2034 malorum
580 1983 685 2027 sensus
700 1965 845 2026 accrescit
860 1964 915 2025 die.

189 2046 255 2108 leue
271 2055 317 2108 est
331 2049 506 2110 miserias
522 2049 610 2119 forre,
627 2051 761 2128 perferre
778 2057 822 2110 est
837 2066 938 2126 graue.

154 2149 174 2198 k
235 2143 310 2193 ΒΛΤ.
335 2131 415 2194 Alios
429 2135 581 2196 ministros
597 2135 701 2196 consili
717 2135 806 2196 tristis
820 2132 902 2212 lege:

189 2217 292 2296 peiora
307 2217 430 2278 iuuenes
447 2218 530 2280 iacile
545 2227 704 2298 praecepta
719 2219 851 2288 andiunt,

188 2303 218 2361 in
238 2308 323 2379 patre
338 2302 460 2372 sacient,
478 2304 617 2384 quicquid
632 2305 663 2365 in
678 2311 784 2383 patruo
800 2303 899 2365 doces,

189 2403 278 2464 saepe
293 2388 322 2448 in
338 2388 511 2466 magistrum
527 2388 674 2451 scelera
694 2389 849 2450 redierunt
863 2407 925 2449 sua.

149 2463 177 2519 k'
231 2483 310 2533 ΛΤΒ.
337 2475 374 2533 Vt
388 2491 476 2533 nemo
492 2474 598 2536 doceat
612 2474 760 2535 fraudis
775 2482 804 2534 et
820 2473 1078 2536 scelerisuias:

188 2572 315 2632 reguum
332 2556 465 2618 docebit(
483 2576 522 2619 ne
536 2558 605 2620 mali
620 2560 692 2620 fiant
706 2561 813 2620 times?

188 2646 351 2700 nascuntur
366 2641 453 2701 istud.
481 2643 561 2720 quod
576 2662 666 2706 uocas
681 2643 805 2705 saeuum
820 2661 959 2722 asperum

188 2723 293 2801 agique
309 2724 383 2785 dure
399 2726 495 2787 credis
513 2736 541 2788 et
556 2730 679 2790 nimium
695 2730 790 2808 inpie,
1129 2734 1183 2782 315

189 2806 315 2870 fortasse
331 2816 360 2869 et
375 2807 435 2870 illic
450 2813 558 2888 agitur.

256 3013 416 3076 2901e9t'tnr
433 3015 459 3062 in
477 3014 502 3062 E
518 3023 580 3078 post
597 3031 620 3064 u.
633 3017 683 3066 293
706 3011 719 3082 ΙΙ
741 3017 791 3066 300
810 3016 870 3066 eius
888 3015 970 3066 rudes
988 3031 1010 3064 ro
1029 3016 1109 3064 aeui

188 3092 210 3127 r.
229 3081 261 3128 ci.
281 3079 373 3142 Mic,
392 3081 509 3132 melius
528 3097 549 3132 r.
568 3084 599 3132 oi.
611 3083 767 3136 LMceller.
790 3079 802 3148 11
832 3085 882 3134 302
900 3097 1109 3148 procommoue-

187 3144 257 3194 bunt
282 3150 323 3197 uel
348 3163 431 3213 prece
454 3151 644 3214 monebuntrb
680 3167 762 3216 proce
782 3150 958 3202 commonebo
975 3149 1048 3200 June
1063 3167 1108 3203 un.

188 3225 224 3260 erc
235 3213 301 3264 Pan.
325 3231 408 3348 Krene
427 3217 639 3268 commonebunt
656 3221 687 3268 ci.
702 3219 857 3270 LMueller.
888 3233 991 3284 preces
1013 3233 1109 3269 moue·

188 3276 257 3327 bunt
275 3297 293 3329 oc
372 3285 422 3334 303
447 3284 512 3334 hino
535 3284 618 3336 durus
641 3303 662 3336 ω
693 3302 731 3337 ac
755 3287 839 3338 durus
858 3287 909 3338 Bo.
989 3288 1039 3338 307
1065 3292 1110 3338 est

190 3357 285 3425 graue
293 3348 318 3396 E
336 3353 380 3428 est
397 3366 444 3402 om.
457 3354 483 3402 A
506 3348 518 3419 ΙΙ
541 3355 591 3404 308
609 3355 732 3406 consiliis
750 3355 774 3416 (s
794 3371 863 3408 eros.
880 3357 907 3404 in
924 3355 949 3406 R
980 3354 1109 3418 tristison

191 3411 311 3464 consilus
335 3417 397 3466 rotis
420 3434 438 3467 α
468 3419 579 3470 consilii
600 3421 688 3472 tristis
706 3423 742 3472 Il
751 3424 825 3483 Pan,
855 3421 956 3474 consili
974 3423 1064 3476 tristis
1083 3421 1109 3472 Ε

191 3471 220 3534 (r.
236 3476 291 3540 Gr.)
321 3477 332 3545 {t
361 3485 410 3534 ane
428 3485 506 3536 ΛΤΒ.
524 3488 620 3552 perora
639 3489 663 3536 a
690 3491 771 3544 ΛΤΒ,
785 3507 832 3542 om.
846 3491 871 3542 Α
895 3487 907 3558 tt
1054 3501 1057 3506 ·
