2516 3998
184 167 223 231 16
403 183 406 192 ·
455 183 486 229 n.
511 181 642 231 aunam
665 180 822 230 sunnone

138 337 168 388 θ’
225 340 309 406 ascaro.¹
326 320 488 382 Demersus
504 339 537 382 aa
553 321 688 382 defossus
704 328 733 381 et
747 329 809 381 toto
824 323 946 398 insuper

182 423 343 486 oppressus
359 405 432 466 orbe
448 423 552 485 quarn
574 407 671 466 uiam
686 405 721 466 ad
739 423 864 484 superos
879 404 1009 467 habeti

181 511 282 551 auen.
306 509 412 568 quarn
427 497 502 556 tunc,
515 489 675 550 hahebat
691 508 758 551 oum
767 508 822 568 per
833 497 966 552 arentem
983 489 1099 570 plagam
1119 529 1122 533 -

182 582 212 636 et
226 576 404 636 fluctuantes
420 593 504 636 more
518 575 628 636 turbati
643 576 733 635 maris
1084 613 1085 618 κ

182 659 253 721 abiit
267 660 395 721 harenas
409 660 514 737 hisque
530 659 684 720 discedens
700 659 807 720 fretum
1117 679 1162 727 325

183 745 272 806 ethis
288 762 448 806 recurrens
464 763 590 823 cumque
607 745 722 804 deserta
738 753 801 803 rate

183 829 346 908 deprensus
361 830 457 890 haesit
471 831 593 907 syrtium
609 827 754 888 breuibus
769 830 853 889 uadis

182 922 210 974 et
226 931 326 992 puppe
340 915 397 974 fixa
413 915 503 974 maria
520 914 672 992 superauit
686 914 786 991 pedes.

143 993 163 1044 h
225 1009 310 1058 Mun.
334 999 436 1077 iniqua
452 1015 521 1058 raro
537 999 670 1059 maximis
686 998 845 1058 uirtutibus

182 1083 298 1143 fortuna
314 1085 420 1162 parcit.
444 1101 531 1143 nemo
547 1102 579 1144 se
595 1091 658 1142 tuto
675 1083 725 1142 diu

181 1167 322 1244 periculis
338 1168 448 1228 offerre
463 1175 523 1227 tam
539 1166 654 1228 crebris
669 1175 776 1246 potest.

185 1248 293 1334 [Casus
309 1270 397 1328 quent
412 1269 504 1328 saepe
517 1255 630 1314 transit
643 1255 811 1328 aliquando
826 1245 966 1333 inuenit]

139 1335 170 1394 h'
225 1336 282 1397 Sed
299 1354 368 1396 ecoe
385 1354 491 1397 saeuus
506 1354 540 1396 ao
555 1337 650 1396 minas
663 1335 748 1396 uultu
766 1353 873 1414 gerens

183 1428 211 1481 et
226 1419 319 1498 qualis
335 1421 432 1480 animo
449 1427 493 1480 est
508 1421 575 1482 talis
590 1421 708 1481 incessu
722 1422 806 1482 uenit
894 1483 898 1490 ,

181 1503 277 1566 aliena
293 1506 397 1566 dextra
413 1511 528 1582 sceptra
546 1505 718 1566 concutiens
733 1505 838 1585 Lycus.
1000 1517 1024 1562 F·
1035 1517 1087 1560 Vlu
1118 1520 1165 1569 335
1245 1533 1246 1584 ς

142 1717 165 1768 h
225 1727 298 1768 uro.
322 1708 408 1769 Vrbis
423 1726 530 1786 regens
545 1707 683 1787 opulenta
699 1707 844 1782 thebanae
859 1706 924 1768 loca

177 1799 210 1860 ,et
225 1810 314 1854 onrne
332 1793 469 1872 quioquid
486 1792 571 1852 uberi
588 1793 679 1870 cingit
694 1791 757 1854 solo

182 1875 301 1954 obliqua
316 1876 432 1945 Phocis
450 1876 586 1956 quioquid
603 1877 735 1938 Ismenos
751 1878 835 1953 rigat,

183 1956 343 2043 [quioquid
358 1963 522 2022 Cithaeron
536 1964 652 2022 uertice
666 1965 747 2023 celso
761 1965 846 2022 uidet

181 2052 211 2104 et
225 2047 297 2106 bina
312 2047 451 2106 scindens
466 2047 594 2107 Isthmos
609 2049 698 2108 exilis
710 2041 811 2130 saeta]

154 2143 166 2190 i
196 2193 199 2200 k
226 2127 290 2188 Non
307 2136 410 2190 uetera
426 2132 538 2208 patriae
553 2131 618 2190 iura
633 2131 772 2208 possideo
787 2131 893 2192 domus

181 2215 307 2289 ignauus
321 2214 421 2275 heres.
452 2213 567 2276 nobiles
582 2233 643 2275 non
658 2221 728 2276 sunt
743 2212 815 2276 rnihi

181 2298 229 2358 aui
246 2315 300 2359 nec
315 2297 382 2358 altis
398 2298 531 2360 inolitum
547 2299 637 2360 titulis
653 2317 755 2378 genus

249 2572 297 2619 321
321 2585 356 2619 ae
378 2585 490 2634 pressus
509 2575 536 2619 et
559 2572 586 2618 V
614 2564 626 2634 ΙΙ
656 2571 705 2620 322
724 2571 780 2619 uim
799 2567 876 2618 n¹V¹
905 2565 917 2634 11
946 2570 996 2620 325
1015 2567 1099 2631 abiit)

178 2637 198 2687 h
221 2637 297 2685 litera
314 2641 340 2686 in
358 2653 410 2687 ras.
431 2634 468 2685 13²
497 2637 566 2686 adiit
584 2639 609 2688 P
629 2633 642 2704 ΙΙ
670 2639 719 2688 net
739 2637 848 2688 hesitE
866 2633 939 2687 texit
954 2638 982 2686 V
1000 2633 1012 2700 ΙΙ
1047 2639 1100 2688 328

180 2704 461 2836 {dedititii
478 2700 766 2837 institutit
784 2703 1101 2837 inuitantis

181 2838 295 2888 Senecae
317 2841 457 2889 sententias
479 2840 506 2888 in
528 2842 615 2892 codiee
639 2842 760 2891 Parisino
779 2843 847 2890 0049
869 2842 966 2890 saeculi
981 2839 1046 2888 XII
1065 2841 1100 2890 de

179 2922 229 2972 qua
247 2908 299 2956 uid.
312 2905 456 2956 Buecheler
478 2907 504 2956 in
517 2909 606 2972 praef.
625 2910 773 2959 Petronium
788 2925 816 2972 p.
832 2907 912 2958 XXI.
926 2907 1020 2956 Publili
1036 2905 1103 2972 Syri

181 2989 236 3024 esse
252 2979 316 3038 puta
335 2977 376 3023 cui
392 2976 537 3024 uindicatur
554 2975 586 3025 ub
604 2977 704 3026 illarum
721 2977 902 3026 sententiarum
921 2975 1059 3025 editoribus

180 3041 268 3102 Quem
286 3057 371 3106 saepe
391 3046 410 3090 t.
424 3057 448 3092 o.
462 3059 483 3092 co
506 3039 595 3094 Casus
614 3057 694 3108 quom
713 3059 735 3094 s.
749 3047 768 3092 t.
782 3045 815 3094 P.
828 3043 892 3108 Syri
908 3045 967 3094 edd.
986 3059 1010 3092 u.
1029 3044 1064 3092 84

134 3163 138 3169 ,
178 3111 316 3160 oto—340
338 3110 464 3174 Meyarae
482 3112 643 3161 enuntiantur
659 3111 684 3160 Α
713 3107 726 3173 ll
754 3113 804 3161 337
827 3111 914 3161 ubero
932 3109 1009 3160 EVR
1030 3109 1101 3160 ube·

178 3177 241 3225 riA
265 3174 276 3243 ΙΙ
300 3179 349 3228 338
368 3177 437 3228 fatis
460 3178 485 3227 V
506 3173 520 3244 Η
541 3193 688 3242 ysmeneos
705 3179 732 3226 V
751 3175 763 3244 Η
786 3195 826 3229 uu.
840 3179 954 3229 339340
970 3180 1060 3228 minti

180 3247 230 3294 339
251 3252 313 3308 post
334 3247 385 3297 340
404 3247 504 3310 positus
521 3253 559 3295 est
577 3247 634 3296 EV
710 3245 786 3296 celso
809 3247 834 3296 V
861 3246 970 3296 excelso
993 3245 1045 3294 ΕΑ

179 3313 231 3361 340
248 3311 377 3363 scindens
394 3315 441 3377 Vp
460 3311 564 3364 findens
583 3313 633 3363 ΕΑ
704 3315 753 3364 341
773 3314 859 3364 Licus
887 3316 991 3364 sinistro
1005 3313 1101 3377 uturp.)

185 3377 232 3434 tht
256 3377 371 3429 LYOVS
392 3380 543 3432 MEGARA
562 3379 806 3432 AMPHITRYON
824 3382 849 3430 A
888 3381 912 3430 Ε
929 3382 996 3446 Lyci
1013 3383 1102 3431 orado

179 3445 353 3508 continuatur)
377 3443 389 3511 11
