2502 3978
119 754 144 811 a!

120 1200 136 1234 θ

122 1792 140 1824 a

534 199 701 246 PHAEDRA

158 349 263 398 uvrn.
281 337 323 396 sie
340 344 368 397 te
384 345 521 398 senectus
537 346 638 398 nostra
654 337 807 416 praecipiti
823 339 900 398 sinat

155 423 256 501 perire
272 419 350 481 letoi
373 423 442 482 siste
458 422 650 484 furibundum
668 425 818 502 impetum.
857 461 867 471 -

157 505 260 586 [houd
273 509 432 582 quisquam
447 509 491 566 od
503 511 599 568 eitam
610 508 709 580 facile
723 511 868 569 reuocari
875 507 1000 588 potest]

156 603 214 650 PH.
238 589 400 669 prohibere
417 589 496 652 nulla
513 593 587 652 ratio
604 593 768 668 periturum
785 599 882 670 potest

157 674 210 735 ubi
228 676 278 755 qni
293 676 368 736 mori
384 678 535 737 constituit
551 687 579 737 et
594 677 682 737 debet
697 678 783 738 mori.

201 771 305 820 tuvrrt.
330 758 467 820 Solamen
483 763 567 822 annis
582 763 702 822 unicum
718 762 731 820 l
735 763 828 822 ossis
844 761 929 830 hera,

155 844 182 902 si
197 850 257 904 tam
273 851 431 922 proteruus
446 844 566 906 incubat
581 848 672 907 menti
687 846 724 906 fu
734 863 811 906 ror:

156 935 314 989 contemne
330 930 447 990 lamam.
478 930 553 991 lama
571 933 619 991 uix
635 949 707 991 uero
723 932 801 990 lauet

155 1015 241 1092 peius
257 1015 384 1074 merenti
400 1013 505 1074 melior
521 1023 550 1076 et
565 1016 650 1093 peior
665 1015 753 1075 bono.

199 1182 390 1262 Temptemus
405 1185 534 1244 animum
552 1185 664 1244 tristem
681 1191 709 1244 et
723 1183 950 1245 intractabilem.

156 1284 242 1328 meus
257 1269 310 1327 iste
325 1267 410 1328 labor
426 1275 470 1329 est
484 1269 606 1347 aggredi
621 1271 760 1329 iuuenem
776 1269 871 1330 lerum

156 1359 346 1431 mentemque
362 1371 481 1414 saeuam
498 1353 618 1415 lleotere
634 1355 745 1415 inmitis
762 1355 827 1414 uiri.

447 1619 594 1668 orionus,
618 1587 787 1668 caussam

288 1775 360 1836 lliua
377 1793 435 1835 non
453 1778 514 1837 miti
530 1783 667 1854 generata
684 1782 774 1854 ponto

247 1877 333 1936 quam
349 1868 436 1921 uocat
451 1869 574 1922 matrem
592 1863 726 1938 geminus
742 1859 854 1938 Cupido

216 2016 220 2025 ι
243 1944 383 2023 inpotens
397 1946 522 2006 flammis
537 1945 625 2006 simul
640 1954 669 2006 et
683 1946 795 2022 sagittis

289 2198 361 2260 lste
377 2199 504 2260 lasciuus
520 2217 609 2277 puer
626 2206 655 2260 et
670 2200 808 2260 renidens

246 2280 302 2342 tela
319 2301 405 2361 quam
423 2292 504 2344 certo
520 2285 691 2345 moderatur
706 2302 786 2344 areu.

246 2364 376 2447 [labitur
390 2376 467 2431 totos
478 2371 572 2444 furor
587 2373 619 2430 in
633 2371 782 2430 medullas

245 2456 315 2526 ipae
326 2453 448 2526 furtiuo
459 2457 627 2530 populante
642 2451 761 2532 uenas.]

245 2553 304 2595 non
320 2537 409 2598 hahet
422 2538 514 2600 latum
529 2539 595 2598 data
612 2536 697 2616 plaga
714 2537 857 2606 frontem,

245 2621 296 2680 sed
314 2630 398 2682 uorat
414 2630 509 2684 tectas
521 2624 638 2703 penitus
653 2621 806 2694 medullas.

156 2818 360 2827 mu..—

228 2945 277 2994 267
296 2944 377 2995 NVT.
396 2961 443 2994 om.
463 2961 482 2994 α
505 2939 516 3011 ss
539 2945 657 2994 eicieA
676 2943 784 2994 sieleE
802 2944 901 3006 elioda
924 2939 936 3008 ll
959 2944 1032 2993 sinet
1049 2943 1074 2992 A

156 3012 235 3062 sinat
254 3019 300 3074 εψ.
320 3007 331 3078 ll
354 3015 403 3063 269
426 3013 500 3061 haud
518 3013 665 3076 quiequam
684 3011 719 3060 ad
737 3013 822 3060 uitam
841 3009 927 3060 facile
947 3011 1075 3060 reuocari

155 3083 253 3146 potest
270 3079 319 3129 EG
334 3081 409 3131 Voss.
429 3078 488 3142 (sed
498 3082 524 3129 io
539 3081 664 3144 Glepz'lor
679 3087 739 3144 poet
751 3095 774 3128 u.
788 3077 862 3142 266),
882 3085 959 3128 totum
976 3093 1076 3127 uersum

157 3164 207 3199 om.
227 3149 252 3196 A
282 3146 340 3197 ΡΗ.
363 3147 437 3198 haud
460 3149 605 3213 quisquam
630 3147 664 3197 ad
688 3150 801 3196 eurem
825 3146 844 3196 l.
863 3161 884 3194 r.
904 3161 930 3209 p.
954 3147 985 3194 ei.
1005 3145 1075 3194 Bod.

157 3231 260 3266 uersum
277 3217 303 3266 in
320 3219 484 3280 suspitionem
501 3218 602 3266 uocauit
620 3215 744 3278 Scaliger.
762 3217 847 3265 deleri
867 3210 879 3279 ΙΙ
902 3214 951 3263 271
971 3213 1031 3276 quis
1049 3213 1074 3260 A

158 3284 208 3349 qui
226 3283 251 3332 E
274 3279 286 3350 ll
310 3283 455 3334 GHORVS
474 3283 499 3332 A
523 3283 670 3334 CHORUS
686 3308 691 3322 ·
707 3279 865 3332 ORESSAE
889 3280 915 3329 E
934 3275 946 3346 l]
967 3281 1015 3331 281
1038 3282 1075 3329 lo·

158 3369 250 3402 eunom
273 3356 287 3401 1
311 3369 334 3404 n.
356 3353 447 3403 statuit
471 3345 507 3404 ll..
522 3352 550 3402 P.
582 3347 594 3418 Η
622 3354 672 3402 282
696 3365 758 3400 aere
782 3349 873 3398 nitens
897 3348 921 3397 A
953 3351 980 3398 et
1003 3349 1076 3398 reni-

159 3421 230 3470 dens
248 3421 274 3469 Ε
296 3423 370 3471 Voss.
393 3417 406 3488 ll
434 3421 483 3470 283
501 3419 677 3469 iaculeturA
695 3415 890 3467 moderatore
913 3411 924 3482 ll
947 3418 1006 3466 284.
1026 3417 1077 3467 285

158 3491 187 3538 in
198 3505 279 3552 marg.
293 3493 410 3554 leguntur
425 3489 519 3549 Vitta,
538 3489 610 3536 uncia
627 3487 717 3536 ineioret'
734 3501 788 3534 oum
799 3484 848 3534 Bo.
867 3485 901 3548 ef.
915 3501 940 3538 u.
953 3486 1003 3534 642
1026 3479 1040 3550 ΙΙ
