2440 3966
500 223 654 272 ncnavm
702 191 705 196 ’

122 379 222 426 nvnn.
240 367 306 444 quis
321 372 350 425 te
364 365 453 424 tantis
470 363 565 426 scluet
580 365 659 425 curis

123 450 285 512 miseranda
302 449 382 510 dies?

161 615 241 663 ocu.
257 601 314 672 Qui
328 621 376 664 me
392 603 501 681 stygias
517 603 612 664 mittet
626 601 662 662 ad
679 600 783 662 undas.
823 659 829 668 ,

120 702 222 748 nunu.
240 688 337 747 nmina
353 704 463 766 quaeso
479 687 536 746 sint
551 688 605 748 ista
620 685 735 766 procul.

122 785 196 834 oen.
216 789 275 832 nun
291 779 359 832 unta
378 789 459 833 mens
475 778 525 832 tua
540 789 620 832 nunc
636 789 721 833 casus

123 857 172 918 sed
190 857 247 917 lata
264 863 381 933 regunt.

161 1022 263 1069 nvnc.
281 1007 366 1069 Dabit
381 1008 508 1069 afflictae
523 1007 646 1069 meliora
662 1008 734 1068 dens
830 1073 833 1078 ,

121 1103 254 1172 tempora
270 1095 358 1154 mitis.

119 1189 150 1239 tu
165 1178 254 1239 modu
270 1177 380 1239 blando
395 1179 483 1239 uince
499 1176 645 1256 obsequio

118 1263 230 1344 placata
247 1265 355 1324 uiuum.

161 1427 238 1474 ocu.
255 1415 374 1474 Vincam
390 1433 496 1476 saeuos
511 1421 579 1492 ante
594 1413 696 1476 lennes

124 1501 275 1577 tigresque
290 1507 391 1558 truces

120 1584 182 1644 iera
199 1601 286 1663 quam
303 1584 386 1642 saeui
401 1583 491 1643 corda
506 1583 633 1660 tyranni.

119 1669 181 1728 odit
196 1668 312 1746 genitos
328 1668 471 1744 sanguiue
488 1665 584 1738 clauo,

119 1755 235 1830 spernit
249 1769 377 1828 superus
391 1751 586 1829 hominesque
602 1749 688 1812 simul

120 1855 177 1898 nec
193 1836 344 1896 loctunam
361 1837 520 1914 capit'ipse
536 1853 620 1895 suam

121 1940 209 2000 quam
226 1919 307 1980 dedit
321 1917 363 1979 illi
378 1938 432 1998 per
448 1918 545 1980 scelus
560 1921 664 1998 ingens

121 2005 240 2066 infanda
257 2023 375 2082 parens,

162 2158 245 2218 Licet
259 2158 407 2234 ingratum
424 2157 506 2217 dirae
522 2155 633 2236 pudeat

119 2261 244 2304 munere
261 2244 362 2302 matris

119 2328 177 2388 huc
192 2329 350 2404 imperium
368 2327 496 2403 cepisse,
512 2324 582 2386 licet

119 2421 235 2472 tantum
250 2427 357 2470 munus
373 2417 469 2470 morte
484 2409 643 2488 rependat:

120 2496 197 2556 leret
212 2495 291 2555 hunc
306 2493 423 2555 titulum
440 2495 581 2572 postlata
596 2502 694 2555 tamen

121 2580 229 2640 lemine
245 2578 335 2657 longo
351 2597 469 2657 semper
484 2579 515 2638 in
531 2596 615 2640 aeuo.
686 2626 688 2630 .

190 2766 222 2815 tn
235 2765 349 2814 Nutricis
361 2779 450 2814 nomen
462 2780 508 2815 om.
521 2765 586 2815 R13
599 2762 653 2830 1181
666 2764 754 2816 undas
767 2765 869 2816 3133
882 2765 941 2830 (sed
952 2767 969 2816 l'
983 2781 1041 2816 um-

121 2833 188 2882 bras
205 2831 231 2880 B
248 2835 275 2880 in
293 2832 354 2896 naq.)
377 2832 489 2882 umbras
506 2833 531 2882 A
548 2829 561 2898 ss
577 2835 683 2884 nutricis
701 2840 726 2884 et
746 2831 866 2886 Octauiae
884 2837 983 2884 nomina
1001 2837 1042 2883 aet

121 2907 266 2950 commtnta
283 2903 324 2950 uel
339 2914 449 2964 prorsus
466 2901 559 2952 emim
573 2917 625 2965 per
635 2907 714 2952 totam
732 2902 798 2951 dune
809 2917 928 2952 scaenam
942 2902 1006 2950 313
1026 2901 1039 2964 Η

121 2969 155 3018 81
174 2967 430 3030 0333011132
445 2963 457 3034 ΙΙ
474 2970 507 3020 82
526 2967 617 3018 omine
634 2986 655 3020 ω
673 2970 766 3019 omnia
784 2965 880 3036 011183
898 2983 974 3018 meos
992 2971 1041 3017 tna

120 3049 196 3084 nunc
210 3049 290 3085 cesus
303 3036 328 3086 A
347 3050 424 3084 meos
442 3051 459 3084 n
479 3049 573 3086 caseus
591 3037 635 3088 Nu
652 3037 715 3088 313
727 3033 739 3104 ll
751 3038 784 3088 84
802 3036 851 3086 sed
869 3037 930 3085 leta
948 3037 974 3086 A
993 3034 1042 3086 sed

120 3118 184 3153 mee
202 3106 268 3152 uota
286 3103 307 3153 0
331 3103 379 3152 sed
394 3099 447 3154 affe,
460 3109 528 3153 unte
549 3105 578 3154 V
591 3104 639 3155 sed
658 3105 719 3154 iata
739 3101 809 3170 (ante
827 3104 889 3154 feta
907 3117 960 3152 ace
979 3117 1042 3152 mee

120 3187 200 3221 erasa
212 3177 259 3222 eet.
277 3174 304 3220 in
316 3185 363 3234 ηιμ.
378 3171 415 3220 al’
429 3170 507 3237 uota)
527 3172 588 3222 312
607 3171 656 3222 sed
673 3175 741 3222 uota
759 3173 822 3222 313
844 3167 855 3238 Η
877 3172 911 3222 88
928 3170 1042 3235 placide

125 3235 218 3305 V1189
237 3253 338 3290 saeuos
356 3239 381 3288 A
394 3239 458 3290 313
477 3239 568 3290 fuluos
581 3240 607 3289 B
623 3237 635 3306 ΙΙ
651 3241 683 3290 92
696 3241 832 3306 sangnine
846 3239 922 3290 claro
940 3240 965 3289 A
979 3239 1043 3298 nm

121 3305 310 3372 cdsauguiueo
336 3306 425 3358 cleros
449 3305 514 3370 (sed
535 3311 580 3358 ult.
600 3310 636 3357 tn.
657 3322 672 3357 ο
695 3314 721 3356 et
739 3325 751 3358 s
770 3307 855 3372 eras.)
878 3307 939 3356 312
968 3302 980 3373 H
1009 3309 1042 3358 93

120 3376 227 3438 spernit
239 3374 372 3440 superbos
384 3375 556 3441 humilesque
570 3373 744 3440 (spernitque
761 3377 795 3438 V)
810 3393 831 3426 ω
844 3390 912 3426 conr.
922 3376 1019 3430 nean.
1032 3372 1041 3440 {l
1118 3435 1121 3441 Δ

119 3443 155 3558 Ξῖ
174 3441 264 3576 dioneae
286 3444 315 3493 V
325 3437 339 3508 l]
355 3444 387 3494 99
406 3445 484 3508 inpn't
503 3443 568 3493 313
581 3439 593 3510 ΙΙ
610 3445 658 3494 100
676 3443 803 3507 rependit
820 3444 884 3494 313
895 3439 907 3509 ΙΙ
921 3445 967 3494 101
986 3443 1039 3494 huc
