2516 3998
187 225 226 274 v1
562 224 761 274 PRAEFATIO

188 386 244 442 Plr.
263 383 324 443 154
339 399 490 460 suspensae
505 383 535 440 Ε
554 385 687 444 sollicitae
703 384 728 439 A
756 384 776 440 P
793 383 854 442 283
876 386 1036 443 moderatur
1049 386 1079 443 Ε
1098 389 1140 446 ia·

189 471 297 526 culatur
312 469 337 525 A
353 469 452 543 qulbus
467 470 599 527 accedunt
614 472 755 526 innumera
769 469 796 525 id
812 486 900 542 genus
915 471 977 528 alia.

252 554 325 611 llaec
340 563 368 610 ot
383 563 531 628 quaesunt
545 554 644 610 similia
655 555 768 628 adparet
782 555 819 611 ita
834 572 889 612 non
901 573 984 629 posse
999 557 1137 629 explicari,

187 648 219 695 ut
235 638 321 696 altera
337 641 472 712 scriptura
488 640 616 696 exaltem
633 647 680 696 aut
694 640 841 714 deprauata
857 649 905 697 aut
915 640 1010 698 librari
1025 640 1139 698 libidine

187 732 291 780 mutata
307 732 353 781 aut
369 724 565 798 interpretandi
578 741 674 782 caussa
689 723 826 799 adscripta
841 741 901 782 esse
914 725 1029 784 dicotur.
1053 726 1137 784 bnmo

188 811 234 865 uir
247 818 289 864 est
300 808 411 864 dubium
424 809 490 883 quin
501 807 621 884 utraque
631 809 747 882 quodam
759 809 841 865 modo
858 809 890 865 ab
906 811 967 884 ipso
979 818 1060 884 poeta
1071 827 1137 884 pro·

188 895 258 950 lecta
271 895 316 954 sit,
333 893 411 948 euius
425 892 604 967 pugillaribus
620 896 766 967 utriusque
779 897 887 967 generis
903 904 1044 952 auctorem
1055 911 1136 951 usum

188 993 249 1034 esse
264 976 388 1033 diximus.
415 975 489 1044 Quos
506 979 616 1052 quidem
631 978 772 1034 codicillos
788 997 848 1035 cum
865 987 946 1052 poeta
962 979 1059 1036 crebro
1075 996 1137 1036 cor-

188 1063 314 1124 rexisset,
331 1061 484 1119 inducendo
496 1064 624 1120 nimirum
639 1064 867 1136 suprascribendo
884 1065 966 1120 uerba
981 1080 1136 1138 nessusque

189 1146 248 1203 siue
263 1146 433 1204 interlineas
450 1149 508 1204 siue
524 1149 556 1204 ad
568 1150 719 1221 marginem
735 1147 875 1204 adiciendo
892 1156 919 1204 et
934 1150 971 1204 ita
984 1149 1092 1223 quidem
1105 1155 1137 1204 ut

189 1230 253 1304 quid
264 1230 320 1304 legi
336 1231 420 1288 uellet
435 1241 481 1287 aut
494 1234 549 1306 quo
567 1250 691 1306 quaeque
706 1235 876 1306 pertinerent
891 1231 984 1289 multis
995 1234 1065 1291 locis
1080 1249 1136 1289 nou

187 1317 254 1370 satis
275 1324 402 1372 accurate
424 1316 638 1390 significaret*):
667 1315 726 1374 lieri
748 1335 801 1374 non
824 1318 915 1390 potuit
936 1320 1001 1392 quin
1023 1319 1076 1374 duo
1096 1317 1136 1373 illi

187 1400 292 1456 librarii
317 1403 362 1475 qui
385 1401 495 1458 diuerso
512 1411 637 1478 tempore
653 1397 751 1476 poetae
771 1403 955 1476 chirographo
978 1403 1011 1458 ad
1032 1402 1136 1458 descri-

186 1483 305 1540 bendum
326 1492 469 1542 uterentur
486 1487 642 1543 dubitantes
658 1504 740 1562 saepe
756 1487 821 1560 quid
843 1487 886 1543 uel
904 1503 957 1560 quo
980 1487 1075 1543 ordine
1090 1487 1136 1542 de-

187 1569 341 1626 scriberent
355 1569 425 1626 alter
439 1571 493 1627 hoc
508 1572 578 1629 alter
592 1570 661 1627 illud
677 1571 887 1650 eligeretalter
903 1570 1019 1628 alterum
1036 1587 1136 1644 seque·

154 1663 157 1668 “
186 1663 264 1710 retur
279 1671 409 1710 uersuum
426 1657 558 1720 ordinem,
574 1657 645 1712 baud
660 1673 723 1712 raro
740 1664 856 1730 uterque
869 1672 938 1730 quae
953 1655 1008 1729 legi
1024 1657 1135 1712 omnino

186 1756 241 1795 non
258 1747 387 1813 poterant
403 1741 543 1797 omitteret
554 1737 611 1814 **).
642 1738 711 1806 Quid
726 1741 811 1797 uero?
835 1757 888 1796 non
905 1741 1005 1796 desunt
1019 1739 1072 1796 loci
1089 1740 1136 1795 ubi

180 1831 334 1900 'utramque
358 1826 499 1898 archetypi
524 1826 671 1882 lectionem
696 1824 826 1882 librarius
848 1823 973 1879 uideatur
994 1823 1135 1897 amplexus

187 1924 257 1963 esse.
290 1908 334 1964 Sic
349 1909 372 1964 H
388 1909 426 1964 19
444 1909 471 1963 in
487 1910 557 1965 Eet'
573 1910 598 1964 A
613 1910 716 1982 legitur
737 1909 801 1966 ‘sed
821 1914 944 1963 uetera
965 1924 1046 1963 sero
1069 1923 1137 1980 que-

186 1991 290 2047 rimur’
307 1992 354 2048 ubi
370 2000 417 2048 aut
433 1990 563 2050 ‘uetera’
580 2002 626 2051 aut
642 1993 752 2058 ‘sero'‚
773 2009 827 2049 non
849 1999 997 2066 utrumque
1016 1991 1154 2066 admittit

185 2091 293 2132 uersus.
329 2076 411 2132 buius
427 2080 538 2151 generis
559 2079 638 2152 plura
661 2079 782 2153 exempla
797 2081 825 2135 in
841 2079 869 2132 E
888 2077 1034 2150 adparent,
1057 2076 1137 2133 uelut

188 2162 284 2217 baece:
308 2161 331 2215 H
348 2161 408 2218 688
425 2173 520 2219 errat
536 2163 606 2220 ludit
620 2165 646 2219 A
665 2164 735 2219 ludit
757 2163 811 2219 VA
828 2161 909 2218 1157
926 2178 975 2218 our
990 2179 1029 2216 en
1044 2161 1074 2215 Ε
1087 2177 1137 2216 cur

187 2236 241 2316 ¹Ap
257 2245 314 2300 Oir.
327 2247 418 2319 recipe
434 2248 579 2304 admitte
595 2249 623 2302 Ε
643 2250 770 2322 recipeA
786 2246 893 2302 Pindi
910 2247 1016 2303 concita
1031 2261 1137 2301 cursu

187 2329 304 2386 celerem
321 2327 481 2402 gradumE
508 2348 584 2388 cone.
601 2332 773 2404 celeremgr.
790 2332 815 2386 A
845 2332 914 2388 bled.
933 2330 993 2388 769
1014 2329 1136 2387 nemoris

187 2416 293 2487 antiqui
310 2415 415 2470 decus
430 2415 527 2472 domus
544 2417 572 2470 Ε
593 2433 620 2472 n.
638 2434 660 2471 a.
679 2415 776 2472 domus
792 2415 826 2470 A.
856 2415 908 2471 Sed
923 2416 1006 2471 latius
1022 2414 1075 2470 boc
1090 2428 1137 2486 ge·

187 2515 239 2554 nus
261 2507 345 2572 patet.
380 2499 455 2554 Nam·
468 2508 549 2574 poeta
571 2517 632 2557 cum
653 2500 819 2574 aliquotiens
841 2499 953 2554 eandem
974 2498 1138 2554 seutentiam

189 2583 291 2656 duplici
316 2584 398 2638 modo
422 2587 614 2657 expressisset,
645 2584 717 2641 haud
743 2600 805 2639 raro
833 2582 934 2638 lactum
963 2591 1005 2638 ost
1032 2591 1063 2639 ut
1090 2580 1138 2637 aut

187 2675 336 2740 utrumque
358 2667 437 2722 ambo
460 2667 661 2734 describerent,
688 2667 766 2723 uelut
781 2668 804 2722 H
820 2665 946 2723 50-54
961 2687 1004 2714 =
1018 2665 1058 2722 46
1075 2683 1138 2740 sqq.

121 2793 124 2802 ,
189 2747 564 2808 ata-77:263-71.
594 2748 928 2809 ott—8:670-1.
960 2749 1002 2805 'lu
1018 2749 1141 2803 122:

190 2835 252 2892 120
268 2844 329 2899 ete,
346 2845 394 2892 aut
409 2834 524 2891 alterum
541 2835 625 2899 alter,
643 2843 674 2891 ut
688 2835 758 2891 locis
774 2850 857 2906 supra
874 2833 962 2889 allatis
978 2833 1001 2890 ll
1017 2832 1057 2890 36
1074 2852 1137 2909 sqq.

191 2920 251 2978 627
269 2921 330 2978 675
347 2938 408 2994 sqq.
430 2921 579 2994 multisque
600 2920 669 2977 aliis.
705 2919 778 2988 Quae
794 2935 856 2976 cum
879 2918 1001 2980 basiat,
1027 2919 1075 2974 ubi
1091 2928 1140 2974 ant

187 3005 299 3062 lacunas
320 3005 536 3079 significauimus
559 3014 605 3063 aut
633 3022 731 3061 uersus
754 3007 813 3060 siue
833 3004 1053 3077 transponendus
1078 3005 1139 3060 siue

191 3089 329 3148 eiciendos
352 3092 523 3153 censuimus,
550 3091 652 3146 nemini
672 3089 798 3165 prolecto
820 3105 850 3146 ea
872 3088 1026 3145 uidebimur
1048 3090 1140 3144 omnia
1242 3113 1243 3166 3

191 3203 397 3220 m

258 3256 282 3320 ¹¹)
307 3257 401 3308 Simile
426 3255 567 3321 exemplar
587 3255 722 3305 historiae
739 3254 876 3306 naturalis
894 3253 1015 3304 Plinium
1036 3253 1140 3304 seimus

190 3325 336 3388 reliquisse
359 3323 505 3389 inopinata
527 3327 614 3374 morte
635 3321 804 3388 prohibitum
825 3321 968 3387 quominus
985 3321 1062 3370 libris
1080 3323 1140 3371 suis

191 3390 318 3439 ultimam
339 3408 450 3442 manum
467 3392 620 3458 inponeret.
690 3387 732 3456 **)
751 3390 829 3440 Idem
845 3390 923 3456 passi
942 3395 1004 3439 sunt
1021 3389 1140 3452 scripto-

193 3472 251 3506 rum
268 3457 332 3506 hist.
346 3459 414 3524 Aug.
429 3459 495 3509 libri
509 3474 576 3524 quos
589 3459 638 3522 qui
650 3457 857 3523 descripserunt
876 3456 962 3507 medii
979 3455 1041 3506 oevi
1053 3455 1141 3508 homi·
1241 3455 1242 3522 j

191 3539 241 3572 nes
254 3522 370 3574 lacunas
383 3541 495 3589 prorsus
508 3526 731 3580 dissimulabant.
