2440 3966
146 1191 164 1226 a
229 1226 241 1244 Ι

176 131 240 198 416
563 146 707 196 monum

179 288 294 367 tuisque
310 285 423 348 facibus
439 294 523 348 natus
538 287 567 346 in
583 289 672 347 terris
687 305 784 356 eram,

179 372 215 433 ad
232 372 319 452 Styga
335 381 482 432 reuertor.
513 379 614 450 surget
629 370 795 432 Enceladus
811 371 894 431 ferox

178 457 407 534 mittetquenuo
423 475 503 517 nunc
517 459 661 536 premitur
677 459 707 516 in
724 474 850 533 superos
866 473 950 516 onus.

178 559 303 619 regnum
320 559 406 601 omne
423 543 538 618 genitor
553 542 683 602 aetheris
700 541 820 602 dubium
838 539 890 600 tibi

178 645 260 686 mors
276 634 376 686 nostra
393 625 487 687 saciet.
520 633 689 706 antequam
706 625 833 705 spolium
850 626 892 685 tui

179 710 292 772 caelum
309 729 397 772 omne
411 711 476 782 fiat,
493 711 589 770 conde
604 730 652 772 me
668 716 727 770 tota
746 718 829 788 pater

179 796 283 856 mundi
298 797 393 857 ruina.
424 797 527 874 frange
543 815 632 875 quem
648 795 749 874 perdis
765 794 875 873 polum.

565 1027 711 1077 CHORVS.

351 1167 417 1228 Non
432 1185 507 1228 uana
523 1168 609 1227 times
623 1175 691 1228 nate
708 1167 852 1227 tonantis:

307 1253 365 1312 iam
383 1261 409 1310 te
426 1251 498 1313 caeli
514 1270 605 1330 regna
622 1259 793 1330 sequentur.

308 1337 365 1396 iam
382 1336 567 1398 thessalicam
583 1335 685 1397 Pelion
701 1335 803 1398 Ossam

308 1427 425 1498 promet
441 1428 469 1481 et
484 1420 577 1482 Pindo
594 1433 752 1498 congestos
767 1418 858 1482 'Athos

309 1523 413 1566 nemus
430 1504 575 1566 aethereis
591 1507 701 1566 inseret
716 1507 811 1565 astris.

353 1656 457 1718 Vincet
471 1655 610 1736 scopulos
623 1656 693 1716 inde
708 1656 867 1738 Typhoeus

310 1747 339 1802 et
353 1741 525 1820 tyrrhenam
542 1742 616 1801 leret
631 1740 793 1810 Inarimen,

310 1825 386 1885 leret
401 1834 539 1887 aetnaeos
554 1825 622 1885 inde
638 1827 768 1887 caminos
792 1885 796 1890 ,

310 1909 483 1990 scindetque
499 1909 575 1970 latus
591 1912 699 1970 montis
715 1911 823 1986 aperti,

310 1995 443 2055 nondum
458 1994 626 2057 Enceladus
642 1993 765 2055 fulmine
781 1996 887 2054 uictus.

544 2226 736 2274 Huncvuns.

226 2367 287 2445 Ego
305 2368 354 2444 qui
369 2366 472 2427 relicta
488 2373 583 2426 morte
600 2373 767 2443 contempta
783 2365 871 2444 Styge

183 2470 237 2532 per
253 2451 348 2512 media
364 2451 471 2512 Lethes
487 2459 589 2528 stagna
606 2469 672 2511 oum
689 2448 783 2528 spolio
799 2450 863 2511 redi

183 2554 242 2616 quo
257 2554 351 2614 paene
367 2535 455 2613 lapsis
472 2537 578 2596 excidit
592 2535 678 2596 'litan
695 2536 793 2612 equis,

185 2681 388 2690 ,ᾖ

253 2755 318 2804 1148
336 2759 417 2806 natus
435 2756 464 2804 in
482 2756 564 2805 terris
582 2755 644 2805 EA
667 2756 696 2804 in
714 2755 798 2804 terris
815 2759 898 2805 natus
917 2762 940 2818 ψ
961 2751 974 2822 {l
998 2761 1070 2806 erat
1091 2757 1119 2806 E
1203 2717 1204 2768 l

185 2839 260 2873 eram
278 2825 303 2872 A
316 2819 328 2888 ll
346 2827 412 2874 1150
429 2823 606 2886 Montemque
625 2823 650 2872 E
668 2824 816 2886 Mittetque
829 2823 855 2873 Α
867 2819 879 2888 ΙΙ
891 2838 960 2873 onus
980 2841 1002 2874 ω
1014 2820 1029 2888 ΙΙ
1046 2828 1120 2874 1153
1203 2849 1204 2856 ¹

184 2891 274 2942 faeiat
285 2891 311 2940 Ε
328 2891 377 2941 fiat
389 2891 414 2940 A
431 2887 443 2958 Η
461 2893 526 2941 1154
544 2891 645 2954 premis
662 2891 687 2938 E
705 2891 797 2954 perdis
815 2892 840 2941 A
865 2888 868 2956 Ι
886 2890 1039 2941 GHORVS
1054 2892 1084 2941 E
1094 2901 1121 2954 ψ
1203 2921 1204 2932 ¹

184 2976 231 3010 om.
244 2959 269 3010 A
282 2955 293 3025 ll
313 2959 378 3010 1165
392 2959 474 3010 Chori
486 2965 547 3008 nota
555 2961 681 3022 praefixa
692 2958 717 3007 A
732 2975 777 3008 om.
791 2958 840 3021 Εψ
866 2957 870 3024 l
886 2977 909 3008 u.
924 2959 990 3008 1161
1003 2960 1060 3009 hue
1073 2977 1122 3010 re·
1203 2989 1204 3018 p

184 3029 276 3078 uocaui
286 3023 297 3094 Η
310 3042 397 3092 regna
415 3027 440 3075 E
459 3027 538 3091 signa
551 3027 576 3076 A
589 3023 600 3091 ll
613 3028 678 3076 1166
696 3027 775 3076 Nunc
793 3027 843 3076 En
860 3028 919 3076 Iam
933 3027 957 3076 A
971 3022 984 3092 ΙΙ
996 3026 1122 3078 thessa·

183 3097 265 3144 licam
277 3111 304 3160 p.
317 3110 408 3144 ossam
421 3094 470 3144 ER
482 3094 647 3144 Thessalica
660 3094 691 3143 P.
704 3095 774 3144 Ossa
787 3095 812 3144 A
825 3091 836 3159 ll
850 3096 914 3145 1159
927 3093 1048 3158 tipheus
1062 3103 1090 3160 ψ
1108 3095 1124 3158 ΙΙ

186 3165 252 3213 1160
270 3163 409 3225 tyrrheam
427 3161 453 3210 Ε
470 3158 481 3227 ll
498 3163 527 3210 in
546 3162 651 3211 crimen
669 3161 719 3210 En
734 3157 746 3227 Η
762 3161 957 3211 HERCVLES
977 3161 1002 3211 Ε
1017 3169 1045 3225 ’ψ
1066 3179 1126 3214 om.

186 3232 212 3280 A
224 3227 235 3297 [Ι
249 3231 314 3280 1165
333 3229 463 3279 Herculis
482 3237 544 3280 nota
558 3231 683 3293 praefices
702 3231 725 3278 A
746 3245 793 3282 om.
812 3229 870 3294 Εψ
888 3225 900 3296 [Ι
917 3230 984 3279 1166
1002 3234 1127 3295 stagna

186 3299 234 3347 eA
253 3299 345 3348 stadia
357 3305 380 3362 ψ
392 3292 403 3363 [Ι
418 3299 482 3348 1167
496 3299 555 3360 Quo
569 3313 676 3362 poenae
688 3296 772 3346 lassis
785 3296 810 3346 Ε
823 3299 883 3360 Quo
897 3313 968 3362 pene
981 3298 1086 3362 lapsis
1102 3299 1129 3348 R

187 3362 256 3412 Cum
274 3381 344 3428 pene
362 3365 445 3415 lassis
463 3366 503 3415 ΛΕ
525 3365 622 3430 (lapsis
641 3381 710 3416 corr.
730 3365 845 3430 Lipsius)
871 3364 939 3415 Cum
957 3381 1036 3430 pene
1058 3371 1129 3416 tre-

186 3429 258 3490 pidis
276 3432 301 3479 A
317 3432 381 3493 fort.
402 3433 492 3492 Quom
515 3449 543 3497 p.
561 3434 666 3497 lapsus
685 3436 750 3486 cont.
770 3434 851 3486 Here.
870 3433 888 3483 I
904 3450 929 3484 u.
943 3436 984 3484 60.
1011 3429 1025 3499 ΙΙ
