2526 3986
427 199 547 248 onnrrr
565 201 807 250 rrancunnrvu
1014 187 1073 250 111

108 339 147 399 <1⁰
201 341 266 420 Ego
283 340 378 402 laticis
393 341 499 418 haustu
516 343 606 402 satior
622 339 746 402 autulio
762 341 845 402 fruor

158 425 254 487 almae
268 425 400 506 parentis
415 425 558 488 munere?
581 443 635 504 ego
651 431 760 486 castam
778 443 896 486 manum

157 512 305 572 nefandus
319 511 500 572 incestificus
516 508 691 571 execrabilis

156 596 300 657 attrecto‘l
323 613 378 673 ego
393 593 469 656 ullos
479 613 558 660 ¹aure
572 595 708 673 concipio
724 612 813 654 sonos

156 699 211 760 per
229 698 302 760 quos
317 681 450 760 parentis
465 697 574 740 nomen
591 686 641 741 aut
656 681 737 758 gnati
751 679 886 740 audiam?

103 762 146 821 d'''
200 767 317 825 Vtinam
333 764 452 844 quidem
468 764 641 826 rescindere
656 764 710 826 has
725 766 840 841 quirem
857 764 920 825 uias

154 849 350 928 manibusque
366 850 476 910 adactis
491 867 580 910 omne
595 866 652 926 qua
669 867 760 911 uoces
775 856 875 912 meant

154 933 309 1014 aditusque
325 933 426 995 uerbis
441 935 559 995 tramite
575 941 700 1011 angusto
714 940 796 1012 patet
848 943 851 950 '

155 1037 261 1086 eruere
276 1037 394 1098 possem
410 1025 507 1095 gnata.
534 1021 591 1078 iarn
608 1036 728 1080 sensum
744 1020 796 1086 tui,
874 1035 876 1040 ·

154 1121 231 1180 quae
248 1121 318 1182 pars
332 1121 468 1164 meorum
486 1121 517 1165 es
533 1105 699 1173 criminum,
716 1102 817 1164 infelix
833 1110 916 1182 pater

154 1189 344 1266 fugissem.

58 1321 60 1326 .
124 1295 151 1328 a.
379 1272 518 1334 inhaeret
532 1291 567 1334 ac
581 1273 765 1336 recrudescit
779 1272 863 1334 nefas

154 1357 279 1419 subinde
296 1364 325 1418 et
340 1375 429 1420 aures
442 1358 583 1436 ingerunt
597 1358 735 1438 quicquid
752 1357 825 1420 mihi

154 1441 286 1503 donastis
301 1441 388 1504 oculi.
420 1461 473 1503 cur
489 1451 577 1522 caput
591 1443 724 1504 tenebris
734 1461 830 1520 ,graue

153 1545 212 1588 non
229 1529 313 1588 mitto
329 1529 365 1588 ad
382 1528 503 1589 umbras
519 1527 590 1588 [litis
606 1527 736 1589 aeterni?
760 1527 831 1607 qnid
847 1526 896 1587 hic

153 1629 255 1673 manes
271 1630 353 1673 meos
369 1612 507 1674 detineo?
531 1612 600 1691 quid
615 1621 727 1673 terram
744 1629 836 1688 grano

153 1698 321 1776 mixtusque
336 1699 451 1776 superis
467 1697 555 1758 erro?
578 1697 648 1776 quid
663 1702 756 1758 restat
770 1695 857 1757 malit

111 1776 140 1834 α’
157 1825 160 1832 .
195 1781 329 1860 Regnum
345 1790 483 1859 parentes
499 1781 585 1842 liberi
600 1783 695 1842 uirtus
712 1799 828 1860 quoque

152 1874 182 1926 et
195 1867 296 1944 ingeni
312 1865 429 1927 solertis
445 1868 581 1928 eximium
599 1867 690 1928 decus

151 1951 283 2028 periere:
308 1960 414 2012 cuncta
430 1969 495 2013 sors
511 1951 583 2013 mihi
598 1952 704 2012 inlesta
720 1949 849 2012 abstulit.

113 2061 115 2064 ·
152 2033 292 2096 lacrimae
307 2044 493 2114 supererant,
510 2036 564 2097 has
579 2055 697 2116 quoque
712 2037 822 2114 eripuit
837 2035 920 2098 mihi.
939 2069 976 2080 -

124 2149 127 2154 ·
151 2118 271 2182 absiste.
294 2119 390 2184 nullas
404 2123 520 2182 animus
536 2121 662 2182 admittit
677 2139 782 2200 preces

151 2222 321 2283 nouamque
336 2223 463 2284 poenam
480 2205 642 2268 sceleribus
658 2209 772 2285 quaerit
785 2223 898 2284 parem.

120 2289 139 2340 d
194 2287 232 2350 Et
247 2307 312 2350 esse
327 2307 381 2367 par
396 2309 473 2370 quae
489 2292 615 2370 poterit?
636 2291 742 2350 infanti
757 2309 875 2370 qnoque

151 2373 272 2434 decreta
288 2391 386 2434 mors
402 2382 455 2436 est.
485 2376 620 2436 uideram
636 2375 767 2436 nondum
783 2376 861 2436 diem
1032 2393 1093 2442 244⁸
1106 2391 1172 2444 ‘2451’

150 2459 289 2538 uterique
304 2458 434 2521 nondum
451 2459 599 2528 solueram
616 2459 707 2520 clausi
721 2475 821 2520 moras
1015 2489 1172 2532 axxxxuu

151 2551 182 2602 et
197 2545 255 2603 iam
272 2543 407 2604 timebor.
437 2547 573 2622 protinus
589 2544 731 2623 quosdam
748 2543 841 2604 editos
862 2547 866 2620 j

150 2645 211 2688 nox
228 2630 386 2707 occupauit
401 2637 430 2688 et
446 2647 542 2691 nouae
557 2628 616 2690 luci
632 2627 760 2698 abstulit,

115 2704 141 2761 d'
196 2712 297 2772 Mors
313 2731 360 2774 me
376 2716 542 2775 antecessit.
570 2714 627 2774 iata
645 2714 709 2793 quis
723 2721 783 2774 tam
798 2715 892 2776 tristia
1036 2728 1173 2782 24912441)

147 2798 273 2858 sortitus
287 2800 446 2877 umquam?
468 2798 573 2878 aliquis
587 2799 664 2860 intra
679 2800 794 2860 uiscera
1034 2818 1094 2868 245ἃ
1106 2813 1171 2866 utet

149 2888 286 2942 materna
301 2880 393 2943 letum
409 2884 584 2963 praecoquis
600 2882 652 2944 lati
668 2882 741 2953 tulit,

217 3069 268 3118 226
291 3077 368 3118 meas
386 3067 412 3118 E
440 3068 503 3120 uias
522 3069 547 3117 Α
582 3064 595 3134 ss
633 3071 683 3119 229
711 3083 820 3119 sensum
843 3070 883 3118 tui
903 3070 928 3118 Α
958 3083 1069 3119 sensum

147 3136 229 3215 ‘fetui
246 3133 273 3184 E
296 3133 348 3199 (tui
365 3152 435 3189 corr.
453 3152 489 3188 em
508 3137 553 3186 cui
571 3153 587 3186 α
605 3136 675 3200 lm.)
700 3153 723 3187 e.
744 3137 796 3186 ah!
816 3137 857 3186 tui
874 3138 906 3187 ei,
921 3137 1028 3187 Istron.
1045 3133 1058 3203 ΙΙ

147 3221 198 3270 230
218 3219 364 3270 criminum
382 3235 413 3272 es
430 3223 455 3272 Α
477 3220 492 3273 ὅ
511 3221 655 3274 criminum
673 3222 698 3271 E
721 3218 733 3286 ΙΙ
761 3223 811 3272 233
831 3221 957 3287 negastis
974 3221 999 3284 A
1019 3221 1067 3272 do·

146 3288 237 3367 naplis
250 3287 275 3338 E
289 3295 306 3339 t.
322 3288 365 3339 Gr.
389 3285 403 3355 l]
425 3291 475 3341 234
493 3293 623 3342 aeternas
635 3292 661 3340 Α
681 3289 789 3340 aeterni
802 3289 827 3338 E
849 3285 862 3355 ΙΙ
885 3290 934 3340 240
948 3289 1067 3353 eripniA

146 3360 250 3473 {W
267 3355 430 3488 ffatim
446 3353 472 3476 all
485 3357 901 3492 nffaplttrffirfnprffiqu
919 3355 1070 3476 unffi&

144 3490 194 3539 duc
211 3493 347 3541 reuocauit
363 3493 429 3542 R.P.
450 3489 462 3558 ss
492 3495 542 3544 250
560 3495 708 3556 praecoqui
728 3508 747 3542 α
768 3493 915 3557 precoqnie
932 3493 981 3557 Ep
994 3489 1006 3559 ΙΙ
