2502 3978
521 208 687 256 arsamum
1004 191 1065 254 155
1167 201 1169 206 '

149 350 266 428 reponit
280 349 397 408 animo?
419 365 507 427 quam
523 346 600 407 bene
616 348 782 407 excideram
799 346 880 406 mibi.
907 379 940 390 -·-

148 448 240 494 H1PP.
258 451 312 493 cur
328 431 414 494 dulce
430 449 537 493 munus
552 431 686 492 redditae
702 431 776 492 lucis
791 430 885 508 sugis?

148 533 203 578 ΡΗ.
221 517 316 579 aude
331 518 451 578 anime
467 523 586 595 templa.
616 533 726 596 perage
742 516 912 576 mandatum
929 524 1021 574 tuum.
1083 523 1134 571 600

147 603 294 681 intrepida
310 608 447 662 constent
462 600 568 662 uerba:
592 601 643 678 qui
658 600 761 660 timide
776 607 860 678 rogat

149 687 236 749 docet
251 703 369 764 negare.

113 771 140 831 ι’
397 771 502 848 llagna
518 787 588 848 pars
603 770 725 830 sceleris
740 771 798 830 mei

149 857 218 918 olim
226 859 351 935 ‘peracta
368 863 429 916 est:
453 873 538 916 serus
554 863 598 915 ost
613 855 699 914 nobis
715 855 828 932 pudor:

149 944 312 1003 amauimus
327 940 468 1018 neJauda:
493 942 517 999 si
533 947 637 1018 coepta
653 957 813 1017 exsequor,

149 1028 250 1088 forsan
265 1024 355 1102 iugali
371 1026 483 1085 crimen
500 1022 679 1084 abscondam
695 1026 768 1084 lace.
1084 1026 1133 1077 605

150 1112 275 1174 honesta
291 1109 435 1189 quaedam
452 1108 564 1170 scelera
581 1125 738 1170 successus
752 1110 831 1168 lacit.

111 1194 147 1252 ὤ
197 1196 247 1256 En
264 1196 387 1272 incipe
403 1194 529 1254 anime.
548 1227 586 1238 -—
609 1194 780 1254 commodes
796 1191 914 1267 paulum
931 1208 1038 1269 precor

154 1286 287 1342 secretus
303 1297 398 1339 aures.
429 1282 453 1338 si
469 1280 534 1356 quis
550 1285 595 1338 est
610 1277 695 1338 abeat
710 1295 820 1339 comes.

149 1379 243 1426 Hirr.
261 1382 298 1425 en
313 1363 397 1424 locus
413 1363 450 1423 ab
467 1364 548 1423 omni
563 1361 639 1422 liber
654 1361 776 1422 arbitrio
793 1369 886 1422 uacat.

149 1463 206 1510 ΡΗ.
224 1450 274 1510 sed
291 1467 342 1509 ora
359 1450 472 1525 coeptis
487 1448 642 1508 transitum
659 1447 762 1507 uerbis
778 1454 894 1522 negant.
1083 1450 1134 1499 610

153 1537 199 1595 uis
215 1551 319 1612 magna
336 1550 441 1593 uocem
458 1532 563 1592 emittit
579 1539 608 1592 at
623 1532 718 1592 maior
733 1538 823 1592 tenet.

111 1627 131 1676 b
194 1618 253 1678 Vos
267 1624 360 1679 testor
376 1634 479 1678 omnes
495 1615 632 1684 caelites,
650 1616 707 1676 hoc
723 1615 802 1693 quod
819 1613 888 1674 uolo
907 1649 942 1658 —

150 1703 212 1784 [me
225 1701 320 1782 nolle]

149 1801 243 1848 ΗιΡΡ.
260 1789 415 1848 animusne
431 1786 553 1863 cupiens
568 1783 678 1863 aliquid
695 1785 778 1845 ellari
794 1784 913 1861 nequit?

150 1887 206 1932 ΡΗ.
224 1891 313 1932 curae
328 1871 411 1932 leues
426 1870 588 1951 loquuntur
603 1871 738 1945 ingentes
754 1876 882 1946 stupent.
1052 1923 1054 1926 .
1084 1871 1134 1921 615

149 1971 243 2020 HJPP.
261 1957 401 2016 conmitte
418 1973 504 2016 curas
520 1954 642 2015 auribus
659 1963 777 2014 mater
792 1953 877 2014 meis.

107 2039 137 2098 b'
193 2055 249 2103 ΡΗ.
271 2042 400 2101 blatris
415 2039 577 2118 superbum
595 2048 639 2099 est
653 2056 762 2100 nomeu
776 2046 805 2098 et
816 2038 939 2100 nimium
951 2045 1066 2116 potens,

150 2134 269 2187 nostros
284 2124 425 2185 humilius
441 2141 548 2185 nomen
565 2125 687 2184 allectus
703 2124 796 2184 decet.

149 2230 199 2272 me
214 2209 263 2271 uel
278 2227 412 2270 sororem
428 2208 584 2288 Hippolyte
600 2207 647 2269 uel
662 2207 801 2269 famulam
817 2225 890 2268 uooa

150 2295 352 2371 famulamque
366 2295 480 2371 potius:
504 2311 592 2354 omne
608 2293 761 2353 seruitium
779 2292 881 2352 leram.
1084 2295 1135 2345 620

110 2405 129 2436 c
195 2379 260 2439 Non
276 2398 323 2438 me
338 2396 392 2455 per
407 2378 480 2437 altas
496 2379 540 2437 ire
554 2379 579 2436 si
595 2377 697 2438 iubeas
714 2379 798 2437 niues

149 2466 251 2544 pigeat
264 2463 368 2540 gelatis
383 2462 499 2538 ingredi
514 2461 600 2521 Pindi
614 2463 705 2539 iugis,
1043 2471 1067 2511 a.
1077 2470 1170 2511 cxxvi

149 2565 212 2609 non
228 2550 251 2609 si
267 2566 322 2626 per
337 2549 420 2625 ignes
435 2549 479 2606 ire
495 2555 525 2606 et
540 2547 644 2606 infesta
661 2546 776 2621 agmina

149 2639 275 2693 cuncter
291 2634 402 2710 paratis
417 2630 538 2692 ensibus
555 2638 659 2708 pectus
674 2630 754 2690 dare.

149 2714 1030 2794 mandatareoipesceptra,melamulamaocipe:
1085 2721 1135 2771 625

151 2800 213 2882 [Te
227 2804 356 2878 imperia
371 2819 493 2876 repere,
511 2818 557 2860 me
572 2803 657 2861 decet
671 2803 754 2861 iusso
768 2797 918 2878 essequa]

109 2885 137 2943 c'
197 2884 340 2947 Muliebre
356 2903 414 2945 non
430 2893 475 2944 est
491 2902 581 2962 regna
597 2886 686 2944 tutari
701 2888 801 2945 uirum

148 2979 185 3031 tu
200 2972 249 3047 qrri
264 2970 403 3030 iuuentae
417 2968 491 3028 tiore
506 2969 658 3048 primaeuo
675 2971 759 3047 niges

149 3132 357 3156 ““““’““’“““Ὓ

221 3224 271 3274 599
290 3224 368 3274 ΥΡΡ.
388 3224 437 3287 Eo
456 3239 500 3272 om.
519 3224 544 3271 A
561 3219 572 3287 ll
593 3225 643 3272 600
660 3222 794 3272 PHAED.
814 3221 864 3281 Eo
881 3236 928 3270 om.
949 3221 972 3268 A
991 3215 1002 3283 ll
1020 3219 1070 3269 606

148 3305 207 3342 non
225 3292 281 3341 iste
299 3292 324 3341 Ε
342 3292 461 3341 honesta
479 3286 589 3356 Allobo
607 3294 730 3340 secretas
747 3289 773 3338 E
784 3286 796 3353 Η
811 3290 859 3338 611
880 3292 908 3336 et
922 3287 969 3348 Εψ
988 3291 1018 3336 ot
1030 3283 1070 3354 “ll
1153 3303 1160 3326 a

148 3361 203 3410 613
221 3374 263 3409 me
281 3359 356 3410 nollo
375 3359 441 3408 EM}
459 3359 508 3408 duo
527 3359 594 3407 Pau.
612 3366 636 3421 ψ
655 3374 701 3410 orn.
721 3359 745 3407 A
758 3353 831 3422 {1626
849 3357 899 3405 del.
918 3355 983 3405 R.P.
996 3351 1008 3420 ll
1020 3357 1069 3406 627

149 3427 239 3476 tutari
251 3427 340 3492 patris
354 3427 377 3476 A
391 3430 482 3475 tutare
495 3425 603 3475 urbium
616 3425 705 3488 nmo
721 3424 807 3474 tutari
819 3423 917 3472 uirum
929 3428 970 3472 uir
982 3425 1071 3473 doctam

148 3495 293 3558 adscripsit
310 3496 393 3545 codici
414 3494 540 3543 Vossinno
553 3489 564 3557 ll
