2526 3986
552 201 730 276 'surmus

185 347 290 423 iusque
307 360 396 402 omne
411 349 522 421 pereat.

134 448 149 478 c
558 425 622 484 Non
640 427 676 484 sit
691 443 706 484 a
725 425 832 483 uestris
847 425 931 484 melis

189 516 312 572 inmune
329 511 454 572 caelum.
486 529 552 571 cum
570 511 679 569 micant
693 513 766 570 solis
780 509 848 586 polo

187 604 367 674 seruamque
382 596 519 656 flammae
536 594 667 655 debitum
684 595 795 657 mundo.
811 593 914 661 decus,

188 701 246 742 nox
263 681 401 750 citatim,
419 680 534 741 excidat
549 677 631 738 caelo
648 678 719 738 dies.

145 755 170 810 (τ’
234 767 323 827 Misce
339 773 462 845 penates
483 765 549 824 odia
573 763 679 824 coedes
700 764 806 822 lunera

190 869 309 917 arcesse
332 857 359 910 et
373 850 455 929 inple
472 848 597 909 Tantalo
613 856 704 907 totam
721 848 850 907 domum.

190 944 314 996 ornetur
329 935 420 996 altum
437 933 574 994 columen
591 941 619 992 et
635 932 718 992 lauro
736 933 815 992 iores

190 1018 283 1081 laetae
300 1022 463 1088 uirescant,
481 1019 587 1095 dignus
603 1017 732 1078 aduentu
748 1024 799 1076 tuo

191 1103 377 1182 splendescat
392 1105 481 1182 ignis

156 1206 175 1254 d
517 1187 676 1247 Thracium
693 1187 743 1246 liat
758 1186 840 1246 nelos

192 1275 303 1333 maiore
319 1291 453 1334 numero.
483 1270 595 1331 liberos
610 1270 698 1331 deflet
713 1289 782 1332 suos

193 1359 324 1418 nondum
341 1357 493 1438 Thyesteo.
525 1356 628 1426 dex-tra
643 1373 696 1415 cur
711 1358 808 1433 patrui
824 1355 927 1415 uacat?

194 1443 348 1522 ecquando
365 1441 466 1502 tollet?
489 1442 607 1518 ignibus
622 1442 679 1499 iam
696 1439 820 1499 subditis

193 1537 330 1605 spument
347 1546 434 1596 aena,
451 1525 585 1586 membra
601 1543 655 1602 per
671 1533 769 1602 partes
786 1532 853 1585 eant

194 1613 357 1689 discerpta,
375 1619 495 1689 patruos
511 1609 623 1688 polluat
637 1609 756 1686 sanguis
771 1611 862 1670 loces.

152 1703 179 1760 d'
234 1696 345 1774 Epulae
360 1699 554 1756 instruantur.
587 1713 646 1754 non
662 1696 734 1754 noui
750 1693 871 1754 sceleris
887 1693 940 1752 tibi

193 1783 321 1842 conuiua
338 1783 448 1841 uenies
483 1778 610 1839 liberum
628 1778 762 1840 dedimus
779 1778 857 1837 diem

192 1875 333 1945 tuamque
349 1866 471 1944 adistas
486 1863 629 1925 soluimus
644 1881 762 1924 mensas
777 1863 900 1922 lumem:

193 1951 301 2010 ieiunia
318 1949 411 2030 exple,
429 1951 538 2010 mixtus
553 1951 583 2008 iu
599 1947 746 2009 bacchum
763 1966 852 2008 cruor

194 2043 347 2113 spectante
363 2044 394 2096 te
409 2041 540 2114 potetur.
572 2035 779 2111 inueni‘dapes

195 2138 268 2198 quas
282 2122 346 2197 ipse
362 2120 489 2197 lugeres,
519 2120 599 2178 siste.
631 2137 689 2196 quo
705 2136 850 2198 praeceps
865 2117 943 2177 ruisi

162 2235 177 2269 e
238 2218 341 2265 ΤΑΝΤ.
367 2204 410 2266 Ad
426 2213 527 2280 stagna
545 2211 574 2264 et
589 2207 684 2264 amnis
700 2207 743 2264 ud
758 2189 933 2263 recedentes
949 2220 1039 2282 aquas

195 2287 345 2367 labrisque
362 2288 397 2348 ab
414 2291 484 2368 ipsis
500 2288 614 2348 arboris
631 2287 736 2366 plenae
752 2287 844 2365 luges.
1066 2293 1067 2298 ’

196 2373 279 2434 abire
294 2377 323 2432 in
341 2383 436 2434 atrum
453 2375 581 2434 carceris
597 2372 683 2433 liceat
698 2373 755 2432 mei

197 2457 306 2528 cubile,
324 2458 417 2527 liceat,
435 2459 458 2518 si
475 2476 581 2536 parum
597 2458 701 2518 uidcor
717 2457 816 2524 miser,

265 2731 299 2778 48
320 2729 449 2779 auestris
464 2730 487 2778 A
508 2745 524 2778 a
537 2745 586 2778 om.
598 2729 623 2777 E
647 2724 658 2794 Η
681 2730 714 2778 49
737 2743 797 2776 cum
811 2731 916 2777 micant
933 2727 1032 2776 stellae
1051 2727 1113 2792 polo

200 2797 429 2861 (50)flammeque
449 2801 562 2854 seruant
580 2814 601 2846 ω
630 2811 691 2846 cum
710 2811 745 2847 m.
770 2796 854 2845 solis
872 2795 936 2861 polo
955 2802 1114 2846 seruent-

199 2879 260 2928 que
280 2864 440 2914 flammae
460 2865 576 2916 etlinun.
597 2861 608 2929 ll
642 2866 674 2914 51
695 2871 755 2913 atra
775 2865 798 2913 Α
819 2864 876 2913 alic
894 2864 918 2912 E
932 2860 1035 2926 (ctis.)
1055 2863 1115 2914 alta

197 2948 260 2980 renue
281 2949 316 2982 eoe
336 2935 403 2986 Pau.
439 2928 450 2997 ll
485 2935 523 2982 53¹
545 2933 628 2996 imple
654 2932 759 2981 scelere
781 2932 936 2981 tantaleam
962 2930 1071 2980 domum
1089 2931 1114 2980 Α.

198 2999 281 3062 imple
300 3000 408 3050 tantalo
427 3004 514 3050 totam
533 2999 640 3049 domum
658 3000 683 3048 E
707 2996 719 3065 ll
741 3001 773 3050 56
792 2999 949 3049 elendescat
967 2999 991 3047 E
1014 2994 1025 3064 H
1049 3000 1116 3048 57-

199 3069 231 3116 59
250 3069 353 3118 maiore
373 3084 494 3118 numero.
513 3067 611 3117 dextra
630 3083 678 3116 cur
695 3068 788 3132 patrui
806 3070 908 3117 uacat?
927 3065 1044 3115 nondum
1064 3066 1114 3119 Th.

198 3134 302 3184 liberos
326 3135 409 3186 deflet
433 3151 505 3186 suos.
542 3140 570 3184 et
589 3135 697 3199 quando
716 3135 797 3185 tollet
820 3152 841 3184 ω
872 3133 1025 3198 (ecquando
1045 3137 1065 3183 t.
1086 3133 1115 3197 a)

200 3219 235 3255 m.
259 3219 380 3254 numero.
410 3204 543 3254 lib‘eros
571 3204 683 3254 deflet
711 3218 788 3253 suos
815 3201 933 3252 nondum
961 3201 1115 3264 Thyestes?

201 3271 320 3320 dextra
340 3287 399 3321 cur
422 3274 540 3337 patrui
558 3273 679 3322 uacat?
703 3269 845 3334 ecquando
863 3269 960 3319 tollet?
977 3272 1072 3334 scripsi

200 3341 232 3388 60
252 3344 396 3402 spumante
414 3356 483 3390 aeno
502 3341 527 3389 A
558 3343 758 3404 spumentaene
776 3337 801 3387 Ε
829 3334 841 3403 ll
875 3339 907 3386 et
926 3338 1065 3402 precesE

200 3409 233 3457 68
253 3411 281 3456 et
298 3421 395 3458 manes
414 3409 479 3458 etE
503 3411 532 3457 et
549 3423 643 3458 amnes
662 3411 690 3457 et
705 3409 726 3456 Α
752 3416 780 3456 et
799 3406 896 3455 omnis
915 3406 956 3454 ad
976 3407 1071 3472 scripsi
1095 3403 1105 3472 ll

201 3477 233 3524 to
253 3480 360 3524 antrum
377 3476 426 3541 Εψ
452 3483 541 3527 atrum
559 3477 583 3526 Α
612 3472 626 3542 ll
654 3476 707 3524 mei
726 3491 747 3524 ω
770 3474 851 3524 mihi
868 3473 917 3526 Bo.
942 3469 953 3539 ll
