2516 3998
433 210 615 257 nnncvnns
634 195 797 280 [evasus-l
824 159 832 170 ¹
1032 200 1072 263 31

121 383 141 432 g
203 363 311 410 AMPH.
335 349 410 420 Quid
426 348 474 409 ille
491 367 603 427 opaca
620 351 669 428 qui
684 352 763 426 regit
777 357 894 428 sceptro
910 351 1008 422 loca,

160 453 216 514 qua
233 434 304 496 sede
320 435 433 512 positus
448 441 595 512 temperat
610 433 736 512 populos
751 435 851 496 leues?

116 528 143 602 g'
202 531 303 579 THES.
328 519 379 579 Est
395 521 423 578 in
439 535 560 579 recessu
575 518 692 579 Tartari
714 519 876 580 obscuro
897 519 1019 592 locus,

158 621 246 683 quem
264 602 406 682 grauibus
422 602 537 663 umbris
552 604 644 680 spissa
662 603 755 681 caligo
772 603 889 683 adligat.

121 703 140 754 h
201 689 225 748 Α
242 688 324 748 fonte
340 687 453 748 discors
469 695 569 747 manat
583 689 651 747 hino
666 706 726 749 uno
741 687 833 750 latex:

158 771 232 832 alter
247 774 347 851 quieto
364 771 466 832 similis
486 807 520 816 —
538 772 617 832 huno
632 774 730 833 iurant
744 773 792 834 dei
810 808 845 818 -

158 865 273 918 tacente
289 873 403 918 sacram
420 856 571 917 deuehens
586 855 677 918 lluuio
694 859 792 936 Styga.

158 947 186 1000 at
202 942 252 1001 hio
267 941 394 1001 tumultu
411 943 524 1019 rapitur
539 941 654 1016 ingenti
670 942 753 1002 lerox

159 1032 187 1086 et
202 1043 272 1086 saxa
287 1026 378 1086 iluotu
395 1025 489 1086 uoluit
503 1025 638 1086 Acheron
655 1028 753 1086 inuius

158 1112 335 1189 renauigari.

116 1217 143 1275 h'
367 1193 499 1270 Cingitur
516 1193 625 1272 duplici
641 1193 716 1254 uado

159 1279 283 1340 aduersa
300 1280 373 1339 Ditis
387 1281 468 1356 regia
484 1286 573 1358 atque
588 1281 693 1355 ingens
709 1278 813 1340 domus

160 1363 316 1424 umbrante
330 1362 398 1423 luco
413 1363 532 1440 tegitur.
572 1365 621 1424 hic
635 1370 723 1425 uasto
738 1378 829 1440 specu
845 1377 850 1388 ’

153 1451 290 1524 pendent
305 1452 431 1526 tyranni
442 1451 555 1531 limine·
587 1449 643 1508 hoo
658 1448 772 1509 umbris
787 1451 853 1520 iter,

159 1532 231 1594 haec
247 1541 333 1612 porta
347 1534 442 1608 regni.
474 1549 595 1610 campus
610 1532 686 1592 hano
703 1535 780 1593 circa
795 1535 872 1594 iacet

157 1619 187 1676 in
204 1635 264 1696 quo
280 1616 410 1694 superbo
427 1617 535 1694 digerit
550 1616 632 1676 uultu
649 1617 755 1676 sedens

158 1703 270 1761 animas
284 1708 429 1762 recentes
659 1765 666 1778 .

114 1783 150 1842 h''
461 1785 528 1844 Dira
546 1785 683 1845 maiestas
698 1784 745 1844 dei

160 1870 243 1930 lrons
258 1876 344 1930 torua
361 1870 577 1946 fratrum'qnae
593 1877 691 1928 tamen
702 1869 825 1948 specien
842 1878 927 1947 gerat

159 1955 314 2033 gentisque
331 1961 436 2015 tantae.
468 1952 566 2014 uultus
583 1961 627 2014 est
641 1953 682 2014 illi
697 1954 775 2014 louis

158 2039 210 2099 sed
227 2037 416 2098 fulminantis.
450 2053 555 2114 magna
572 2057 641 2116 pars
657 2041 742 2116 regni
756 2041 849 2101 trucis

158 2131 203 2183 est
218 2123 280 2200 ipse
297 2123 433 2182 dominus
449 2125 531 2183 cuius
547 2125 702 2200 adspectus
724 2127 809 2184 timet

157 2207 298 2287 quicquid
313 2209 443 2269 timetur.

116 2315 138 2362 10
189 2305 310 2352 ..luem
516 2294 629 2352 Verane
646 2299 690 2353 est
706 2293 781 2352 lama
798 2293 900 2353 inieris

161 2384 219 2436 tam
236 2393 301 2435 sera
317 2375 400 2435 reddi
417 2377 481 2436 iura
498 2384 527 2435 et
541 2376 649 2436 oblitos
664 2378 710 2437 sui

160 2459 282 2521 sceleris
298 2467 438 2520 nocentes
455 2459 567 2520 debitas
582 2478 694 2537 poenas
709 2461 797 2520 darei

162 2547 227 2624 quis
242 2546 298 2605 iste
314 2547 378 2606 ueri
393 2551 494 2605 rector
510 2553 597 2623 atque
613 2548 699 2624 aequi
715 2544 845 2605 arbiter?

125 2642 143 2699 i'
198 2642 298 2690 unns,
322 2629 387 2689 Non
402 2647 478 2690 unus
494 2628 551 2689 alta
567 2630 637 2690 sede
652 2632 801 2708 quaesitor
816 2629 923 2691 sedens
1093 2650 1142 2700 735

160 2713 270 2774 iudicia
285 2713 409 2792 trepidis
424 2732 490 2774 sera
507 2715 629 2773 sortitur
645 2716 712 2774 reis.

159 2799 259 2858 aditur
274 2797 324 2858 illo
341 2800 462 2876 gnosius
478 2799 573 2858 Minos
590 2800 664 2868 loro,

158 2882 402 2943 Rhadamanthus
418 2882 482 2952 illo,
500 2883 630 2944 Thetidis
645 2883 703 2943 hoo
719 2883 798 2944 audit
813 2901 907 2944 socer.

228 3052 277 3102 713
296 3047 409 3101 recessu
422 3052 461 3102 εΑ
481 3067 593 3102 secessu
610 3053 657 3114 Vah
677 3049 689 3118 Η
712 3053 762 3102 715
781 3052 882 3103 dissors
894 3051 931 3102 E²
954 3049 965 3118 Η
988 3052 1075 3117 primo

157 3119 248 3168 Eimo
265 3119 325 3169 AV
343 3115 355 3184 Η
384 3121 434 3168 716
453 3123 515 3168 ater
532 3119 556 3168 Α
581 3117 592 3186 Η
615 3122 663 3170 721
683 3135 769 3184 regan
792 3122 817 3170 V
838 3117 851 3186 Η
880 3123 928 3171 722
946 3121 1075 3170 uibrante

162 3185 195 3236 V¹
231 3182 244 3252 Η
277 3184 339 3237 7227
362 3189 422 3238 723³
445 3189 529 3237 delent
560 3183 572 3254 Η
606 3185 778 3238 72311107]Ι
815 3189 944 3238 haoBo.
980 3184 991 3253 Η
1026 3190 1076 3238 724

159 3269 275 3318 campus
293 3269 374 3318 supra
392 3269 491 3305 neroum
509 3257 570 3306 add.
591 3255 623 3305 ud
641 3257 783 3319 interprete
804 3257 832 3305 V
855 3251 867 3323 Η
898 3251 982 3317 hane)
1001 3255 1075 3304 haud

162 3321 195 3372 V¹
270 3323 320 3372 726
344 3322 431 3371 dein
454 3323 504 3372 deo
522 3323 572 3387 Αψ
600 3320 611 3389 Η
645 3324 693 3372 727
712 3323 854 3388 specimen
872 3321 923 3370 ΕΑ
955 3323 1076 3386 speciem

162 3387 196 3439 V¹
262 3391 311 3440 730
335 3390 554 3455 aspectusEVp
574 3390 752 3455 aspectumA
777 3385 788 3454 Η
812 3392 860 3440 731
880 3389 990 3454 quioqui
1008 3391 1034 3438 Ε
1073 3411 1075 3414 ·

158 3459 210 3508 734
229 3457 331 3516 rector)
341 3458 462 3592 Ufertur
486 3459 565 3508 With.
590 3453 602 3524 Η
626 3459 674 3508 737
694 3456 785 3506 aditur
802 3456 827 3506 E
853 3457 964 3506 auditur
979 3459 1028 3508 VA

159 3525 210 3574 738
228 3525 278 3575 hos
295 3525 321 3575 V
