2526 3986
529 204 708 253 THYESTES

118 353 145 410 ς’
200 346 237 405 tt
252 343 302 421 qui
318 343 430 406 laeuis
445 343 569 423 gloriam
585 345 651 406 ueri
666 346 748 425 petit,

158 429 257 488 animo
274 429 367 507 magis
383 447 471 510 quem
487 448 561 490 uoee
577 428 724 491 laudari
740 428 830 491 uolet.

154 525 234 572 Aru.
261 511 343 575 leus
357 531 429 574 uera
447 519 475 574 et
490 513 596 576 humili
612 532 701 593 saepe
717 517 861 594 contingit
877 517 952 588 uiro,

154 615 215 657 non
230 598 287 658 nisi
302 600 415 676 potenti
430 597 512 659 false.
540 599 619 677 quod
634 598 753 671 nolunt,
770 599 870 661 uelint.

155 695 231 744 sur.
255 700 319 743 rex
336 682 408 743 uelit
424 683 595 745 honesta:
616 702 705 745 nemo
720 702 780 746 non
796 676 899 746 eodem
916 685 1004 747 uolet.

108 783 143 842 c„
191 781 271 828 uun.
293 767 477 848 Vbicumque
493 775 607 832 tentum
622 769 781 832 honesto
797 771 959 846 dominanti
974 770 1072 844 licent,

155 854 293 930 precario
309 859 460 931 regnetur.
1090 869 1141 924 211

154 949 229 997 sur.
358 959 361 964 ·
492 937 544 999 ubi
560 957 618 998 uon
635 940 799 1018 estpudor‚

153 1039 211 1082 neo
228 1040 300 1083 eura
315 1021 403 1094 iuris,
425 1025 611 1084 sanctitas
626 1027 748 1102 pietas
764 1025 874 1087 sides:

152 1106 291 1168 instabile
306 1125 432 1185 regnunt
448 1115 501 1168 est.

153 1205 233 1253 nun.
536 1195 722 1256 sanctitas
743 1196 865 1274 pietas
886 1195 981 1256 fides

152 1277 268 1356 priuato
284 1275 460 1345 bonosum,
477 1295 533 1358 quo
550 1279 631 1338 iuuet
646 1297 759 1357 reges
774 1286 851 1340 eunt.

99 1379 141 1437 μ’
195 1373 270 1423 sur.
297 1361 386 1423 Nelos
402 1379 511 1424 nouere
526 1361 575 1424 uel
590 1362 668 1424 malo
685 1364 769 1425 lretri
784 1370 868 1442 pute.

153 1460 234 1506 nun.
262 1446 306 1507 tes
321 1455 366 1509 est
380 1448 410 1507 in
426 1446 475 1508 illo
492 1448 629 1527 quioquid
646 1449 678 1510 in
693 1449 785 1510 fratre
801 1455 845 1511 est
859 1451 955 1512 nelos:
1086 1463 1137 1514 220

151 1531 222 1611 quid
240 1533 317 1592 enim
334 1531 454 1611 reliquit
469 1533 593 1594 erimine
608 1535 768 1602 intectum,
785 1541 835 1595 out
849 1533 902 1595 ubi

139 1614 258 1694 *sceleri
272 1617 425 1697 pepercit?
442 1616 614 1698 [coniuaem
629 1627 736 1695 stupro
752 1621 885 1695 abstulit,

150 1719 339 1778 requiemque
349 1701 466 1784 furto]
494 1704 643 1782 specimen
660 1705 811 1782 antiquum
826 1705 934 1784 imperi

152 1785 259 1846 fraude
275 1793 318 1847 est
333 1787 466 1865 adeptuS,
484 1787 588 1849 lroude
604 1787 736 1849 turbauit
751 1787 882 1850 domum.

115 1867 133 1916 d
195 1870 249 1932 Est
264 1870 382 1952 Pelopis
397 1872 463 1934 eltis
477 1871 577 1934 nobile
592 1874 623 1932 iu
639 1865 875 1952 stabulis'peouS,
1086 1883 1137 1934 225

152 1973 279 2016 arcanus
295 1958 388 2026 aries,
404 1958 510 2019 ductor
526 1956 658 2036 opulenti
673 1959 780 2038 gregiS.

150 2039 262 2102 huius
277 2059 331 2122 per
347 2060 435 2104 otnue
450 2060 558 2122 eorpus
574 2044 667 2104 effuso
684 2061 770 2105 coma

151 2123 300 2203 dependet
315 2144 401 2198 auro,
419 2134 538 2206 tergore
552 2146 593 2190 ex
606 2130 695 2189 leuius
710 2129 782 2190 noui

151 2218 254 2271 eurota
270 2229 358 2288 reges
373 2220 489 2291 seeptro
504 2212 624 2274 tantalei
639 2220 756 2291 gerunt.

114 2299 140 2357 d'
197 2295 355 2357 Possessor
370 2297 481 2358 huius
496 2306 616 2376 regnet,
632 2298 712 2360 huno
729 2305 853 2360 ouuotoe
869 2298 974 2359 domus
1085 2306 1135 2357 230

151 2378 270 2440 fortuna
286 2383 430 2460 sequitur.
457 2390 519 2443 tutu
535 2385 662 2461 seposita
677 2401 763 2444 socer

151 2465 182 2523 in
197 2472 282 2542 perte
297 2467 375 2545 capit
389 2474 483 2546 prate,
499 2485 575 2544 quoe
592 2467 682 2528 eludit
696 2467 778 2547 inpie.

135 2544 269 2632 {fat-ok
283 2568 378 2613 saxeo
387 2570 537 2628 pascuum
552 2570 640 2614 muro
656 2547 782 2635 teneor]

219 2941 268 2988 211
287 2940 347 2990 uiro
360 2940 386 2989 E
403 2937 508 3005 (literae
526 2941 567 2992 iro
586 2959 602 2992 a
614 2945 631 2991 2
643 2941 685 3006 m.)
709 2938 721 3008 ΙΙ
744 2943 795 2993 214
811 2941 899 2993 licent
917 2942 942 2991 Ε
960 2939 1070 3006 (tinent

151 3022 167 3054 a
184 3009 200 3056 2
217 3005 261 3072 m.)
290 3003 302 3074 l]
324 3009 523 3059 ·2·20nefnsE
542 3009 773 3076 (litiosam.)
798 3006 810 3076 Ι]
833 3014 882 3061 221
906 3009 1020 3074 reliquit
1042 3008 1069 3058 Ε

149 3075 207 3130 (red
222 3079 235 3123 t
253 3092 270 3126 a
285 3092 316 3126 m.
333 3079 350 3126 2
366 3078 394 3126 in
411 3093 466 3128 roe.
491 3075 609 3143 reliquid
632 3076 697 3140 lue)
738 3074 750 3146 ΙΙ
790 3079 854 3128 2221
883 3079 945 3129 2231
967 3078 1070 3127 eurtum

149 3143 214 3192 ΕΡ.
238 3138 250 3210 ll
273 3145 323 3194 227
342 3144 435 3198 infuso
453 3146 477 3195 A
496 3145 583 3198 effuso
600 3146 626 3196 Ε
649 3141 660 3212 Ι]
683 3148 734 3198 228
752 3147 889 3212 dependet
907 3143 944 3195 E*
967 3141 979 3211 ΙΙ
1007 3145 1069 3194 uiro

150 3211 175 3259 Ε
198 3226 267 3262 auro
285 3213 309 3261 Α
330 3208 342 3279 ll
365 3215 444 3264 euius
463 3229 478 3264 e
495 3218 573 3280 tergo
591 3232 613 3265 ω
631 3220 751 3278 tergore
775 3231 815 3264 ex
832 3215 919 3264 huius
937 3211 1032 3263 ci.Bo.
1046 3209 1058 3278 [Ι
1135 3243 1144 3250 -

150 3281 200 3330 229
219 3279 349 3330 tantalioi
362 3283 403 3332 Αε
429 3281 533 3331 tantali
550 3282 591 3332 nu
608 3283 736 3333 tentalei
753 3285 814 3347 Lip.
832 3279 844 3348 ΙΙ
865 3285 916 3333 230
933 3284 1029 3331 tautae
1042 3281 1069 3330 Α

151 3351 271 3398 cunetae
286 3347 398 3400 EVoee.
427 3345 440 3416 ss
466 3352 517 3400 233
539 3365 618 3400 seero
636 3358 811 3416 personemus
838 3365 923 3401 saxeo
946 3363 1031 3414 peeue
1050 3363 1070 3399 oc

151 3429 235 3466 enxeo
253 3430 389 3480 paeonum
405 3417 432 3467 Ε
448 3425 473 3482 ψ
492 3413 505 3485 Η
527 3433 602 3469 more
619 3426 643 3483 ψ
661 3434 737 3471 muro
755 3418 780 3467 Ε
792 3424 810 3468 1.
825 3418 870 3468 dir.
884 3419 980 3486 adolii
1009 3433 1068 3468 oer-

149 3498 202 3533 oum
220 3485 315 3534 deleuit
328 3484 480 3539 L.Mueller.
499 3489 613 3537 lacunam
625 3490 641 3536 2
655 3503 770 3537 uersuum
782 3491 871 3537 statuit
890 3489 953 3540 ΕΡ.
978 3483 981 3551 l

818 3568 863 3633 5*
