2550 3978
167 165 231 230 288
450 181 481 228 L.
499 181 631 228 Auunnr
647 181 803 228 SEchnE

135 319 159 379 θ’
211 320 323 398 Fugam
339 322 516 397 rapinasque
532 320 614 380 adice
631 320 779 380 desertum
797 327 909 398 patrem

77 445 79 449 -
167 403 359 480 lacerumque
375 405 513 474 fratrem,
532 404 671 481 quicquid
689 407 856 465 etiamnunc
872 422 964 464 nouas

168 490 254 550 docet
270 490 393 549 maritus
409 490 565 564 coniuges:
589 507 661 548 non
680 497 734 550 est
750 507 875 550 meum.

166 575 274 633 totiens
291 591 400 634 nocens
416 591 480 633 sum
498 573 587 643 lacta,
605 573 656 634 sed
672 592 867 651 numquam
884 574 978 634 mihi.
1104 585 1154 634 280

168 671 220 719 cn.
244 659 301 717 iam
319 659 413 718 exisse
430 657 537 718 decuit.
570 659 638 736 quiid
654 661 728 718 seris
744 659 832 720 fando
849 661 966 719 meras?

135 750 166 800 h⁰
215 756 299 802 MED.
324 742 453 820 Supplex
469 742 612 803 recedens
627 742 699 802 illud
716 751 880 804 extremum
897 762 1019 822 precor,

168 845 206 887 ne
222 827 307 906 culpa
324 835 409 887 natos
425 828 526 891 matris
542 829 673 888 insontes
690 828 794 888 trahat.

137 923 138 926 ’
168 924 221 970 cn.
246 912 336 972 uade:
354 913 408 972 hos
423 919 546 991 paterno
564 921 595 972 ut
611 914 726 990 genitor
743 914 886 991 excipiam
903 914 977 973 sinu.
1077 927 1100 966 F.
1115 928 1152 968 Lv

133 1005 143 1052 i
213 1011 296 1056 MED.
319 997 376 1057 Per
392 1015 447 1074 ego
464 995 631 1074 auspicatos
646 998 719 1073 regii
735 997 855 1058 thalami
870 1006 951 1058 torus
1053 1020 1055 1024 ’
1102 1012 1153 1060 285

169 1099 223 1159 per
239 1101 306 1160 spes
322 1081 435 1140 iuturus
452 1098 564 1159 perque
580 1101 739 1158 regnorum
758 1089 850 1142 status

168 1165 286 1226 fortuna
304 1167 385 1226 uaria
402 1165 489 1225 dubia
508 1185 581 1242 quos
596 1169 686 1244 agitat
700 1169 779 1236 uice,

167 1267 288 1326 precor:
313 1249 436 1310 breuem
452 1249 561 1327 largire
577 1252 698 1328 fugienti
715 1268 843 1326 meram,

168 1334 237 1394 dum
255 1343 385 1395 extrema
403 1335 476 1394 uatis
492 1343 586 1394 mater
602 1337 692 1412 infige
709 1335 808 1395 oscula
1093 1385 1102 1388 -

168 1418 292 1478 fortasse
309 1420 448 1478 moriens.
769 1435 772 1440 “
1104 1436 1155 1485 290

132 1511 151 1560 h
212 1516 264 1562 cna.
469 1504 940 1582 Fraudibustempuspetis.

167 1601 251 1647 MED.
277 1607 350 1666 quae
368 1589 468 1647 fraus
483 1590 604 1649 timeri
623 1599 789 1665 tempore
805 1591 910 1666 exigue
927 1591 1042 1668 potest?

168 1685 220 1732 uu.
238 1671 348 1732 nullum
367 1672 402 1733 ad
419 1675 584 1734 nocendum
602 1683 745 1751 tempus
761 1684 918 1751 angustum
932 1684 976 1734 est
989 1675 1083 1736 malis.

133 1759 160 1818 h'
211 1770 295 1817 utut).
313 1759 479 1818 Paruumne
496 1761 621 1819 miserae
637 1761 819 1835 temporis
834 1758 963 1820 lacrimis
975 1761 1084 1838 negas?

147 1853 220 1900 scu.
246 1843 298 1901 etsi
315 1850 461 1920 repugnat
479 1843 616 1920 precibus
632 1844 738 1902 infixus
754 1843 879 1912 timer,

166 1944 245 1985 unus
262 1927 391 2002 parando
409 1927 525 1988 debitur
542 1927 627 1987 exilio
644 1928 713 1988 dies.
1104 1925 1154 1992 295

134 2012 152 2071 i'
212 2025 297 2070 MED.
322 2011 408 2070 nimis
424 2020 481 2082 est,
499 2013 612 2073 recidas
629 2012 737 2091 aliquid
754 2033 788 2074 ex
804 2017 861 2076 istc
878 2014 947 2074 licet

169 2097 274 2173 etipsa
293 2113 430 2172 propero.

116 2251 119 2257 Ι
168 2192 222 2239 cn.
471 2183 566 2258 capite
583 2182 757 2260 supplicium
775 2183 840 2244 lues

168 2263 280 2323 clarum
297 2266 466 2343 priusquam
484 2266 622 2326 Phoebus
638 2267 751 2328 attollat
767 2270 860 2338 diem,

168 2350 224 2408 nisi
241 2347 320 2409 cedis
335 2349 454 2411 Isthmo.
487 2369 569 2411 sacra
586 2371 634 2412 me
651 2353 771 2413 thalami
788 2361 908 2423 uocant,

167 2441 255 2494 uocat
271 2437 386 2511 precari
402 2436 494 2496 festus
511 2436 679 2514 Hymenaeo
695 2438 767 2498 dies.

552 2651 698 2700 GHORVS.

93 2778 117 2828 A
135 2798 152 2832 a
228 2835 230 2840 ,
339 2772 463 2832 Audax
480 2774 600 2834 nimium
618 2765 669 2852 qui
684 2777 759 2836 freta
776 2779 889 2853 primus

296 2856 368 2916 llate
386 2867 443 2916 tam
461 2856 556 2935 fragili
573 2861 684 2938 perfida
702 2861 795 2937 rupit,

235 3062 284 3109 277
304 3060 416 3124 rapinas
437 3060 459 3108 Α
480 3061 646 3125 rapinasque
666 3075 679 3113 ε
699 3059 711 3129 ll
731 3066 781 3114 278
799 3080 901 3115 nouam
920 3082 939 3115 α
957 3072 1084 3128 nonasp

157 3131 233 3176 nota
251 3127 276 3176 E
294 3143 390 3177 nouus
408 3129 440 3177 ci.
458 3127 508 3177 Bo.
525 3125 536 3192 ΙΙ
553 3131 603 3179 279
622 3145 757 3181 conuoces
778 3133 801 3182 E
824 3135 956 3200 coniuges
974 3143 997 3196 ψ
1022 3147 1104 3182 con.

167 3195 258 3257 iugem
277 3211 296 3244 α
319 3191 330 3261 ll
353 3197 403 3246 293
421 3211 553 3259 parumne
572 3198 612 3246 Αε
635 3213 795 3262 paruumne
814 3203 846 3250 ci.
866 3202 915 3254 Bo.
940 3197 952 3267 Η
975 3203 1025 3250 294
1043 3201 1084 3248 in-

168 3262 237 3310 felix
250 3264 273 3310 Α
294 3262 392 3312 infixus
405 3263 430 3311 E
441 3260 453 3330 ΙΙ
470 3265 520 3313 296
533 3265 613 3314 nimis
627 3270 669 3315 est
682 3271 709 3316 et
723 3284 757 3316 ex
769 3269 822 3318 hoc
835 3269 874 3318 ali
895 3269 940 3319 uid
954 3267 1084 3317 abscidas

167 3328 236 3377 licet
254 3330 279 3378 Α
306 3345 332 3382 u.
348 3347 375 3380 e.
395 3331 503 3380 recidas
523 3331 629 3397 aliquid
648 3335 806 3386 existolicet
823 3337 849 3385 E
877 3285 892 3403 ll
918 3338 967 3387 297
993 3335 1037 3388 Cr.
1058 3340 1086 3384 et

168 3395 951 3538 9999937792·91ῑὲὲὲ79970“ΜΡ·
970 3420 991 3456 ⁵'
1006 3403 1052 3454 ¹⁴
1072 3403 1084 3466 '¹
