2440 3966
176 173 240 238 414
560 186 702 234 monum

177 342 280 391 nuno,
298 347 334 388 an
350 330 445 407 patiar
460 326 538 388 uitra
554 328 728 405 sanguinem
743 333 879 388 nostrum
895 328 957 405 peti

176 417 290 475 inultus
306 420 334 473 et
350 419 536 491 contemptus
551 419 585 472 ut
599 411 696 472 subito
714 411 885 490 opprimar?

178 499 263 560 exitia
280 517 340 558 non
356 499 473 576 fregere
488 503 652 558 summotos
666 495 773 575 procul

117 624 119 628 -
177 583 312 645 Plautum
329 590 417 662 atque
433 581 533 643 Siliam
549 581 684 660 pertinax
700 599 826 660 quorum
844 581 928 642 iuror

177 676 274 730 armat
289 670 440 728 ministros
455 667 575 728 sceleris
590 668 620 726 in
637 666 758 726 eaedem
775 685 880 726 meam.

177 753 343 814 absentium
360 771 427 813 oum
444 759 561 813 maneat
576 753 663 812 etiam
679 753 784 829 ingens
800 750 886 812 fauor

177 840 206 898 in
223 838 298 899 urbe
314 847 415 898 nostra
432 839 482 916 qui
497 838 581 898 fouet
596 853 664 914 spes
680 835 815 904 exulum,

177 923 318 983 tollantur
332 923 434 983 hostes
450 941 519 982 ense
534 923 663 1001 suspecti
679 921 761 981 mihi.

176 1009 271 1068 inuisa
288 1009 417 1068 coniunx
432 1016 537 1086 pereat
552 1015 581 1067 et
596 1023 699 1067 aarum
715 1005 772 1065 sibi

176 1093 299 1152 tratrem
315 1101 466 1169 sequatur.
497 1091 635 1171 quioquid
652 1090 801 1151 excelsum
819 1098 863 1150 est
878 1089 972 1150 cadat.

177 1190 252 1237 sien.
269 1177 405 1257 pulcrum
422 1179 553 1237 eminere
569 1185 613 1236 est
627 1178 705 1236 inter
720 1175 849 1236 illustres
864 1176 960 1244 uiros,

177 1261 332 1322 consulere
348 1263 462 1340 patriae
478 1279 601 1339 parcere
617 1260 732 1320 afflictis
748 1261 811 1320 iera

177 1347 267 1406 caede
282 1345 432 1406 abstinere
447 1355 564 1423 tempus
580 1353 667 1424 atque
683 1347 745 1406 irae
761 1346 832 1405 dare

178 1430 244 1490 orbi
260 1434 387 1510 quietem
404 1431 523 1492 saeculo
539 1449 642 1510 paoem
659 1449 723 1490 suo.

177 1516 251 1576 haee
267 1534 381 1577 summa
396 1517 506 1588 uirtus,
524 1518 633 1594 petitur
649 1515 705 1575 hae
720 1514 834 1576 casium
852 1517 908 1575 uia.

177 1603 219 1661 sio
234 1601 283 1661 iiie
299 1603 412 1680 patriae
427 1603 540 1678 primus
555 1603 704 1678 Augustus
719 1619 828 1678 parens

177 1685 349 1764 complexus
364 1695 442 1747 astra
459 1693 505 1747 est
520 1684 628 1746 colitur
644 1691 673 1745 et
687 1683 805 1763 templis
821 1685 902 1745 deus.

176 1771 260 1831 iilum
277 1779 375 1831 tamen
391 1772 507 1831 iortuna
524 1771 643 1830 iactauit
659 1771 709 1830 diu

118 1896 121 1902 ,
177 1864 256 1915 terra
273 1857 406 1934 marique
422 1873 476 1934 per
492 1873 598 1932 graues
614 1853 684 1914 belli
700 1857 797 1922 uices,

176 1939 276 2000 hostes
292 1941 423 2018 parentis
438 1940 532 2000 donee
548 1942 696 2018 oppressit
712 1940 767 1998 sui.

176 2024 227 2085 tibi
244 2043 354 2085 numen
370 2027 524 2085 incruenta
541 2025 686 2084 summisit
702 2041 787 2084 suum

177 2117 207 2169 et
222 2109 303 2170 dedit
317 2108 449 2170 habenas
464 2111 570 2187 imperi
585 2107 665 2169 taoili
680 2125 770 2168 manu

176 2201 308 2270 nutuque
324 2205 420 2254 terras
436 2197 526 2254 maria
543 2193 669 2253 subiecit
683 2201 743 2252 tuo.

176 2279 286 2338 inuidia
302 2281 394 2340 tristis
410 2281 485 2339 uicta
503 2296 649 2338 consensu
666 2279 723 2356 pio.
798 2336 801 2340 ,
823 2336 825 2340 .

176 2484 282 2546 Rapiat.
297 2482 460 2547 despectus?
478 2478 544 2546 (soit.
559 2479 720 2546 consensus)
739 2481 811 2530 ensis
824 2479 874 2530 Bo.
894 2483 1099 2533 consensus?

177 2551 251 2600 ensis
264 2551 356 2602 canP.
369 2547 381 2616 Η
394 2550 489 2600 faciet.
502 2547 796 2612 Hoe(om.SEN.)Ii13
809 2543 820 2614 Η
832 2550 883 2598 474
896 2550 938 2600 SE
953 2567 990 2600 an
1003 2552 1100 2615 patiar

176 2619 240 2668 1913
252 2613 263 2684 Η
275 2617 347 2666 ultro
360 2615 403 2684 ΟΗ
419 2619 469 2668 475
481 2619 603 2666 inuictus
618 2619 703 2666 nostri
713 2619 814 2667 codices
831 2623 858 2666 et
869 2619 936 2672 Pau.
958 2619 1066 2668 inuitus
1080 2635 1099 2668 α

175 2685 283 2735 inuisus
296 2691 322 2734 et
333 2685 438 2736 inuitus
450 2689 476 2736 in
488 2701 546 2738 mss.
559 2701 587 2735 se
600 2687 691 2748 lepisse
703 2685 964 2736 testaturFabrioius.
980 2685 1098 2736 inultus

176 2753 321 2817 oiliophet.
335 2755 449 2818 ofiMed.
462 2755 511 2804 999
523 2750 535 2819 Η
548 2757 695 2803 contentus
707 2754 771 2803 1913
783 2747 795 2819 Η
807 2754 947 2818 opprimor
959 2755 984 2804 A
1005 2744 1099 2806 o’mr'tt

177 2819 275 2885 (ultimo
291 2823 367 2872 litera
382 2830 465 2872 utrum
482 2827 494 2871 t
510 2825 545 2872 sit
561 2838 594 2870 aa
611 2836 625 2869 r
641 2837 691 2872 aon
707 2823 772 2872 satis
788 2819 922 2886 adparet.)
940 2822 1006 2872 1913
1018 2772 1099 2888 Η476

176 2905 231 2940 non
244 2891 269 2940 A
287 2891 334 2939 uix
356 2891 380 2940 V
396 2886 407 2955 Η
423 2891 473 2940 411
493 2904 606 2952 quorum
619 2891 749 2953 pertinax
767 2889 787 2938 0
797 2884 809 2955 Η
824 2891 874 2940 479
893 2891 1052 2940 absentium
1073 2891 1097 2938 A

177 2958 322 3008 absentum
336 2958 460 3009 0191213
472 2955 484 3024 Η
495 2959 545 3008 480
559 2957 624 3022 quid
637 2957 711 3007 foret
722 2957 785 3006 1913
795 2953 803 3022 Η
812 2958 861 3008 481
872 2957 1038 3022 tollerantur
1056 2959 1085 3007 V
1091 2956 1098 3020 Η

177 3028 305 3091 suspensi
317 3027 379 3076 1912
400 3022 403 3091 Η
420 3028 470 3076 482
489 3025 584 3075 innixa
602 3026 666 3075 1913
678 3021 690 3091 Η
702 3029 732 3074 ut
751 3040 844 3074 earum
857 3041 877 3074 α
895 3030 925 3075 et
942 3016 1035 3076 uarum
1055 3043 1079 3076 ω
1090 3023 1099 3090 Η

175 3095 226 3144 484
243 3095 291 3144 Nn
310 3087 389 3158 R13i
410 3098 459 3144 est
471 3094 591 3144 eminere
609 3094 672 3144 1913
692 3092 812 3142 eminere
832 3091 1008 3160 estatinae
1027 3093 1099 3144 Vrbi

176 3163 240 3212 1913
253 3159 264 3228 Η
275 3165 324 3212 491
344 3161 400 3226 ΗΕ.
412 3162 491 3212 illum
508 3163 536 3212 V
543 3157 554 3228 Η
566 3163 616 3212 492
629 3157 736 3222 'iterra
749 3161 812 3210 1913
824 3157 836 3227 Η
847 3163 897 3212 493
915 3161 1012 3212 hostes
1025 3177 1098 3213 corr.

176 3246 211 3279 eac
228 3231 338 3280 hostem
359 3226 399 3296 ΟΗ
412 3231 550 3295 oppressit
568 3230 611 3279 sui
629 3230 654 3279 A
673 3229 809 3294 obpressit
826 3229 867 3294 tei
886 3231 929 3278 sui
947 3230 1010 3279 1912
1022 3226 1034 3295 Η
1046 3230 1100 3279 494

172 3297 224 3364 SE.
244 3298 295 3348 tibi
318 3294 524 3402 Vflinoruentp
536 3298 732 3404 suibrffitmenta
752 3296 864 3346 fortuna
882 3298 948 3347 1912
961 3293 972 3362 Η
985 3297 1100 3348 summi·

177 3416 214 3464 sit
231 3419 255 3464 A
275 3418 402 3467 submisit
420 3417 481 3467 1912
494 3417 519 3466 Β
538 3417 654 3480 sumpsit
671 3415 692 3466 0
710 3416 818 3466 sumisit
834 3416 898 3466 1913
914 3411 926 3481 Η
944 3431 987 3466 sur
1005 3416 1073 3466 1913
1091 3412 1100 3477 Η

176 3483 227 3529 496
244 3487 366 3546 nutuque
385 3485 410 3534 A
428 3485 561 3549 mutuique
584 3484 611 3533 V
617 3485 722 3535 R1213
745 3479 757 3549 Η
