2516 3998
160 156 203 220 36
445 165 801 216 u.annnn1sanucae

121 323 147 380 b'
205 310 372 382 Quantus
393 308 502 368 incedit
517 305 645 385 pupulus
661 323 714 383 per
730 305 820 366 urbes

162 395 198 455 ad
215 395 285 455 naui
300 393 386 453 ludos
401 393 506 453 auidus
522 391 648 452 theatri:

163 479 284 560 qualis
302 477 398 540 eleum
414 479 475 538 ruit
490 476 525 536 ad
542 483 702 545 tonantem,

163 567 262 644 quinta
280 582 347 624 eum
363 580 481 624 sacrum
497 562 652 623 reuocauit
667 566 771 621 aestas.

129 767 143 798 ο,
205 734 365 806 Quanta,
388 749 455 792 eum
471 730 576 808 lungae
592 730 671 790 redit
685 730 757 790 hura
775 729 854 789 necti

163 837 299 880 crescere
315 823 345 878 et
360 834 480 876 somnos
496 817 618 895 cupiens
633 815 748 894 quietos

162 903 237 964 libra
254 901 405 982 phoebeos
420 908 503 962 tenet
518 919 610 980 aequa
627 917 742 968 currus,

163 988 275 1049 turha
297 994 442 1047 secretam
459 973 601 1046 Cererem
616 984 786 1064 frequentat

164 1080 193 1134 et
208 1074 255 1134 uiti
273 1073 357 1132 tectis
373 1079 537 1150 properant
552 1069 664 1129 relictis

164 1159 245 1219 attici
260 1167 379 1218 noctem
396 1155 551 1217 celebrare
566 1162 695 1232 mystae:

129 1336 152 1392 e'
200 1327 316 1387 Tanta
338 1344 392 1404 per
409 1342 529 1402 campos
545 1325 642 1398 agitur
657 1321 777 1384 silentes

165 1410 283 1472 turba.
316 1429 386 1489 pars
401 1410 483 1470 tarda
499 1409 632 1486 graditur
648 1415 776 1474 senecta,

169 1492 275 1581 [tristis
289 1504 318 1555 et
330 1499 426 1570 lanua
440 1499 552 1556 satiata
567 1489 645 1574 uita]

165 1599 234 1660 pars
251 1580 347 1640 adhuc
364 1581 456 1640 currit
471 1577 602 1639 melioris
617 1579 693 1646 aeui,

167 1667 299 1742 uirgines
314 1665 446 1726 nondum
463 1663 598 1724 thalamis
615 1664 731 1738 iugatae

167 1757 196 1811 et
212 1751 306 1811 comis
322 1749 453 1810 nundum
471 1749 573 1826 positis
590 1746 698 1825 ephebi

167 1835 268 1895 matris
285 1841 314 1895 et
329 1852 436 1894 nornen
454 1834 541 1894 murlo
558 1834 662 1892 duetus
676 1830 783 1891 infans.

126 2011 157 2068 ὅ
213 2001 381 2063 tristatum
398 2002 481 2072 solie,
498 2003 596 2062 minus
611 2009 643 2061 ut
657 2002 795 2061 timerent

164 2089 233 2164 igne
249 2086 530 2164 praelatoreleuare
547 2095 673 2146 noctem.

165 2171 254 2231 reteri
271 2171 382 2230 uadunt
397 2190 451 2249 per
467 2189 558 2250 opaca
574 2172 681 2238 tristes,

164 2256 257 2336 qualis
273 2263 317 2316 est
332 2255 417 2315 nohis
434 2258 565 2323 animus,
583 2262 696 2316 remota

164 2341 230 2400 luce
247 2359 314 2400 curn
331 2348 460 2401 maestus
475 2341 531 2399 sibi
547 2342 673 2420 quisque
689 2339 780 2399 sensit

165 2425 304 2486 obrutum
329 2431 387 2485 tota
404 2432 492 2504 caput
508 2444 572 2486 esse
586 2433 677 2484 terra

130 2609 147 2655 <1
193 2598 195 2601 ’
209 2595 272 2654 Stat
287 2593 375 2654 chaos
392 2594 515 2655 densum
532 2593 733 2671 tenebraeque
748 2599 851 2671 turpes

165 2689 194 2738 et
213 2677 294 2738 color
310 2679 406 2737 noetis
422 2677 516 2738 malus
532 2696 567 2738 aa
582 2678 695 2738 silentis

166 2764 258 2822 otium
275 2763 377 2822 mundi
393 2781 564 2842 uacuaeque
580 2762 683 2822 nubes

131 2946 145 2978 a
208 2916 280 2975 Sera
298 2933 352 2975 nus
368 2914 417 2975 illo
433 2914 544 2998 referat
559 2922 704 2976 senectus.

166 3018 253 3068 nemo
269 3001 305 3060 ad
322 2999 350 3060 id
366 3017 434 3061 seru
452 3001 535 3060 uenit
550 2999 628 3060 unde
644 3017 815 3078 numquam,

232 3170 283 3218 844
300 3170 356 3218 ruit
367 3169 445 3233 EVatr
465 3170 585 3234 eurritat
604 3169 660 3218 coit
673 3172 696 3218 A
718 3165 730 3235 Ι]
752 3169 802 3220 846
820 3168 902 3233 longe
915 3169 940 3218 A
958 3163 970 3235 H
993 3170 1086 3218 noetis

166 3236 189 3283 A
219 3231 231 3302 Η
260 3238 310 3287 848
333 3236 448 3287 thebeos
471 3237 496 3285 lt
536 3233 548 3303 Η
588 3238 638 3288 850
662 3238 709 3287 siti
732 3234 766 3285 V¹
797 3238 861 3286 sciti
879 3237 941 3286 HM
971 3237 1085 3298 sciterh

165 3303 270 3351 Exciti
288 3304 362 3356 NHa
392 3301 404 3369 i}
438 3306 487 3355 853
510 3305 636 3369 graditur
651 3304 772 3354 EVR11
801 3303 930 3368 gradistur
951 3305 1010 3354 ltro
1029 3303 1087 3367 (tur

165 3385 196 3416 m.
215 3370 280 3426 ree.)
300 3371 430 3434 gradiens
448 3374 472 3420 A
497 3369 509 3437 li
531 3373 583 3422 854
601 3374 683 3422 delent
705 3369 717 3438 [Ι
745 3374 794 3423 863
813 3374 903 3422 sensit
920 3372 997 3436 ΕφΑ
1022 3387 1084 3422 sen-

168 3436 241 3497 tittt
271 3431 283 3499 Η
311 3439 361 3486 864
379 3438 503 3488 obtutum
525 3441 554 3489 V
577 3435 588 3503 ΙΙ
