2490 3984
133 259 135 264 Δ
174 175 238 240 334
561 187 704 236 monent

259 329 378 406 generis
393 329 488 389 nostri
501 327 633 406 luppiter
648 336 751 388 auctor

302 431 374 491 cape
391 412 468 473 dona
483 412 579 473 libens

259 498 431 576 abauusque
446 504 526 558 tuam
543 514 602 557 non
618 495 797 575 degenerem

302 585 418 660 respice
433 579 558 660 prolem.

217 751 275 812 Sed
292 771 361 814 ecce
376 758 461 812 uasto
476 752 610 812 concitus
626 749 711 812 miles
726 749 822 827 gradu

174 837 327 898 manifesta
344 843 486 916 properat
500 835 584 912 signa
599 833 727 896 laetitiae
742 833 842 896 ferens
1107 844 1156 893 410

174 938 301 1000 namque
317 921 399 982 hasta
415 938 531 982 summo
548 919 680 984 lauream
694 920 777 980 lerro
792 915 869 996 'gerit

174 1006 308 1085 fidusque
323 1007 387 1084 regi
402 1023 522 1083 semper
539 1004 704 1085 Eurybates
719 1003 810 1065 adest.
1042 1017 1064 1059 r.
1080 1017 1157 1060 cvnu

293 1270 507 1318 EVRYBA'I'ES.
533 1269 796 1318 CLYTEMESTRA.
822 1268 967 1320 CHORVS.

216 1425 344 1488 Delubra
360 1434 389 1487 et
404 1445 471 1488 aras
486 1425 624 1488 caelitum
641 1438 671 1487 et
685 1427 796 1506 patrios
811 1425 889 1487 lares

173 1519 241 1589 post
255 1511 342 1589 longa
357 1511 451 1573 lessus
467 1513 560 1592 spatia
575 1512 623 1572 uix
640 1511 767 1573 credens
782 1511 853 1572 milri

172 1595 296 1674 supplex
312 1596 413 1656 adoro.
444 1604 512 1657 uota
528 1597 646 1675 superis
660 1594 782 1656 soluite:

167 1679 287 1743 telluris
303 1679 393 1741 altum
409 1688 523 1742 remeat
538 1679 685 1758 argolicae
702 1681 793 1741 decus

172 1767 290 1827 tandem
307 1765 343 1825 ad
359 1772 481 1844 penates
496 1767 592 1826 uictor
605 1769 809 1844 Agamemnon
825 1782 903 1826 suos.

214 1863 313 1912 curn.
339 1847 420 1908 Felix
435 1849 472 1909 ad
488 1867 576 1910 aures
591 1857 711 1910 nuuttus
726 1850 808 1910 uenit
822 1867 912 1910 meas.

170 1934 291 1995 ubinam
308 1935 415 2012 petitus
430 1951 485 2013 per
501 1933 603 1994 decem
621 1935 750 1996 coniunx
765 1934 838 1994 mibi

171 2036 263 2079 annos
279 2017 431 2078 moratur?
453 2016 577 2096 pelagus
593 2037 631 2079 an
645 2029 742 2080 terras
757 2019 884 2097 premit?

170 2117 249 2164 nvn.
265 2101 422 2163 incolumis
438 2110 542 2164 auctus
558 2101 652 2179 gloria
668 2102 754 2164 laude
770 2101 887 2163 inclitas

171 2188 312 2249 reducem
329 2187 457 2264 expetito
473 2186 555 2248 litori
571 2188 711 2267 inpressit
725 2187 841 2266 pedem.

213 2286 312 2333 curu.
336 2271 436 2332 Sacris
450 2270 582 2333 colamus
597 2289 775 2352 prosperum
790 2273 910 2336 tandem
925 2273 1002 2335 diem

171 2365 201 2418 et
216 2357 241 2417 si
256 2357 401 2436 propitios
417 2363 546 2418 attamen
562 2355 658 2418 lentos
673 2356 755 2418 deos.

170 2450 201 2502 tu
218 2442 314 2520 pande
329 2442 411 2502 uiuat
426 2442 559 2519 coniugis
574 2441 666 2502 irater
682 2443 740 2502 mei

171 2534 199 2588 et
214 2527 312 2604 pande
328 2532 427 2586 teneat
441 2543 514 2603 quas
529 2543 615 2586 soror
630 2526 715 2588 sedes
730 2545 806 2588 mea.

170 2625 249 2671 nvn.
267 2609 391 2671 meliora
406 2612 483 2670 uotis
498 2628 588 2689 posco
604 2618 633 2670 et
648 2609 781 2672 obtestor
797 2611 882 2672 deos:

170 2712 237 2756 nam
255 2704 336 2756 certa
351 2694 408 2756 lari
423 2713 489 2755 sors
505 2695 595 2755 maris
611 2694 693 2755 dubii
708 2702 797 2756 uetat.

212 2778 248 2839 Vt
262 2797 365 2858 sparsa
381 2780 526 2840 tumidum
541 2777 643 2842 classis
659 2781 775 2859 excepit
790 2798 888 2850 mare,

169 2865 241 2925 ratis
257 2864 360 2924 uidere
375 2864 453 2924 socia
470 2880 529 2924 non
547 2866 642 2942 potuit
656 2873 761 2926 ratem.

169 2951 239 3027 quin
256 2950 318 3028 ipse
333 2948 449 3010 Atrides
464 2965 594 3026 aequore
609 2949 745 3010 inmenso
760 2965 853 3026 uagus

168 3036 307 3111 grauiora
322 3032 427 3112 pelago
443 3034 549 3094 damna
566 3052 654 3112 quam
669 3033 747 3094 bello
763 3033 829 3096 tulit
873 3066 875 3068 ·

168 3126 339 3197 remeatque
355 3119 434 3178 uicto
449 3118 552 3180 similis
568 3119 688 3198 exiguas
704 3119 827 3181 trahens

168 3202 339 3283 lacerasque
356 3203 451 3264 uictor
466 3201 560 3266 classe
576 3204 614 3264 de
629 3211 708 3265 tanta
724 3211 811 3265 rates.

234 3407 284 3456 406
308 3405 394 3462 caede
417 3405 442 3456 Ε
473 3419 543 3472 cepe
567 3407 592 3456 A
621 3403 634 3473 ll
662 3407 712 3458 410
735 3407 827 3458 ferens
849 3407 875 3456 Ε
904 3421 1006 3472 gerens
1023 3408 1049 3458 A
1071 3408 1085 3473 Η

167 3469 311 3524 ouoltvs
330 3475 390 3526 odd.
409 3473 434 3522 Ε
451 3489 498 3527 om.
519 3475 542 3524 A
567 3471 579 3541 ll
