2526 3986
522 221 701 270 rurusrus
1027 207 1067 273 79

152 377 233 424 ulau.
258 381 357 423 meum
374 381 438 423 esse
454 361 560 431 credo,
578 361 716 440 quicquid
732 368 790 430 est,
807 362 913 432 frater,
930 370 1023 426 tuum.
1084 382 1134 432 535

119 466 135 516 d
200 461 277 508 auu.
301 447 373 518 Quis
389 445 579 526 influentis
595 447 671 506 dona
687 447 825 508 furtunae
840 447 959 508 abnuit?

152 547 234 594 unu.
259 539 403 610 expertus·
415 541 459 592 est
474 532 660 610 quIcumque
678 549 765 610 quam
781 531 866 593 facile
883 532 1043 594 effluant.

151 632 231 678 aru.
255 617 377 677 fratrem
394 617 482 694 potiri
498 613 620 693 gloria
636 617 748 694 ingenti
764 618 864 678 uetasi

151 717 232 763 THY.
256 709 305 762 tua
321 703 379 762 iam
396 709 514 779 peracta
531 698 652 778 gloria
674 708 732 769 est,
752 707 843 762 restat
857 719 937 762 mea:

151 805 295 866 respuere
310 794 425 848 certum
442 793 485 845 est
500 802 591 863 regna
607 785 762 846 consilium
778 784 861 846 mihi.
1084 803 1133 854 540

113 879 138 938 d'
194 885 274 932 auu.
297 871 391 932 Meam
407 869 587 948 relinquam,
604 870 659 930 nisi
674 877 754 931 tuam
772 877 886 948 partem
902 873 1051 951 accipie.

152 967 233 1017 THY.
258 957 414 1036 accipio.
439 957 647 1032 reguiucmeu
664 955 940 1034 inpositiseram,

123 1047 125 1050 '
153 1042 205 1102 sed
221 1041 286 1101 iura
301 1047 330 1100 et
345 1058 426 1100 arma
442 1039 572 1100 seruiunt
588 1057 704 1100 mecum
721 1041 784 1100 tibi.

153 1139 231 1185 ama.
256 1126 419 1203 inposita
435 1125 523 1202 capiti
539 1122 635 1184 uincla
651 1123 829 1185 uenerando*
840 1142 919 1204 gere.

153 1229 207 1290 ego
224 1210 382 1271 destinatas
398 1211 534 1269 uictimas
549 1211 664 1287 superis
680 1208 766 1270 dabo.

533 1406 668 1455 CHORVS
764 1418 766 1422 ’

120 1564 137 1596 a
309 1529 416 1590 Credat
431 1529 488 1588 hcc
504 1530 676 1608 quisrpamt
694 1530 774 1590 ferus
790 1527 838 1590 ille
855 1538 885 1603 et
898 1548 966 1592 acer

239 1631 294 1674 uec
311 1622 415 1693 potens
432 1615 538 1674 mentis
554 1614 736 1674 truculentus
753 1615 857 1675 Atreus

240 1698 339 1758 fratris
354 1705 475 1776 aspectu
491 1698 672 1778 stupefactus
688 1698 791 1758 haesit.

281 1866 365 1928 Nuiia
381 1868 425 1927 uis
441 1869 533 1928 maior
550 1869 658 1945 pietate
674 1885 743 1928 uera
761 1874 819 1928 est:

240 1953 332 2030 iurgia
350 1955 478 2012 externis
494 1953 612 2014 inimica
628 1951 742 2022 durant,

240 2054 314 2114 uiros
330 2055 413 2096 amor
432 2055 522 2097 uerus
538 2039 640 2106 tenuit,
658 2035 776 2098 tenebit.

282 2205 328 2266 Ira
344 2224 411 2266 cum
427 2207 541 2282 maguis
557 2206 660 2284 agitata
678 2207 772 2266 causis

240 2292 363 2367 gratiam
379 2292 459 2368 rupit
475 2291 638 2370 cecinitque
657 2291 777 2360 betium,

242 2393 307 2434 cum
324 2373 405 2436 leues
421 2375 511 2436 irenis
527 2393 652 2436 sonuere
670 2382 791 2444 turmae,
873 2430 875 2436 .

240 2459 318 2519 fuisit
333 2459 403 2520 hinc
416 2459 497 2529 illinc
514 2463 638 2538 agitatus
654 2461 741 2529 ensis,

282 2629 374 2700 Quem
392 2637 491 2690 mouet
507 2629 613 2690 crebre
630 2628 806 2690 furibundus
822 2629 881 2690 ictu

240 2716 413 2791 sauguinem
428 2715 546 2774 Mauors
563 2716 685 2792 cupiens
700 2723 865 2775 recentem:

240 2796 380 2875 opprimit
395 2800 508 2859 serrum
524 2799 717 2876 manibusque
734 2801 838 2860 iunctis
935 2841 938 2848 -

241 2881 320 2942 ducit
335 2882 371 2944 ad
387 2901 490 2961 pacem
507 2885 599 2962 pietas
615 2891 766 2962 negantes.

246 3046 249 3052 ’
283 3051 380 3112 Otium
398 3059 478 3112 tauto
494 3053 622 3116 subitum
639 3072 654 3114 c
669 3051 796 3114 tumultu

240 3139 305 3216 quis
320 3138 393 3198 cieris
410 3139 495 3199 iecit?
512 3137 598 3198 modo
614 3155 667 3216 per
683 3139 819 3218 Mycenas

241 3241 321 3282 arma
338 3223 432 3283 ciuilis
448 3241 591 3300 crepuere
607 3222 685 3284 belli.

203 3428 252 3477 541
272 3426 300 3474 ni
313 3425 425 3475 tuamE
448 3421 460 3492 Η
483 3426 533 3475 544
551 3425 650 3490 regei)
669 3426 772 3492 gerari
791 3420 802 3491 Η
826 3421 969 3477 OHORVS
982 3421 1056 3490 ΕΑΗ

151 3495 203 3549 558
222 3495 357 3560 opprimet
375 3493 400 3542 Ε
428 3495 556 3560 opprimit
569 3495 593 3544 Α
623 3491 634 3560 Η
