<?xml version="1.0" encoding="UTF-8"?>
<!DOCTYPE html PUBLIC "-//W3C//DTD XHTML 1.0 Transitional//EN"
    "http://www.w3.org/TR/xhtml1/DTD/xhtml1-transitional.dtd">
<html xmlns="http://www.w3.org/1999/xhtml" xml:lang="en" lang="en">
 <head>
  <title>
</title>
<meta http-equiv="Content-Type" content="text/html;charset=utf-8" />
  <meta name='ocr-system' content='tesseract 3.04.00' />
  <meta name='ocr-capabilities' content='ocr_page ocr_carea ocr_par ocr_line ocrx_word'/>
</head>
<body>
  <div class='ocr_page' id='page_1' title='image "./lannaeisenecaet06senegoog_0421.png"; bbox 0 0 2490 3984; ppageno 0'>
   <div class='ocr_carea' id='block_1_1' title="bbox 192 126 723 190">
    <p class='ocr_par' dir='ltr' id='par_1_1' title="bbox 192 126 723 190">
     <span class='ocr_line' id='line_1_1' title="bbox 192 126 723 190; baseline -0.008 0"><span class='ocrx_word' id='word_1_1' title='bbox 192 126 255 190; x_wconf 78' lang='lat'><strong>368</strong></span> <span class='ocrx_word' id='word_1_2' title='bbox 583 140 723 188; x_wconf 77' lang='lat' dir='ltr'><strong>incurri</strong></span> 
     </span>
    </p>
   </div>
   <div class='ocr_carea' id='block_1_2' title="bbox 116 283 1161 2728">
    <p class='ocr_par' dir='ltr' id='par_1_2' title="bbox 191 283 899 1370">
     <span class='ocr_line' id='line_1_2' title="bbox 194 283 889 360; baseline -0.003 -19"><span class='ocrx_word' id='word_1_3' title='bbox 194 283 302 358; x_wconf 76' lang='lat' dir='ltr'>sparsit</span> <span class='ocrx_word' id='word_1_4' title='bbox 318 288 490 360; x_wconf 89' lang='lat' dir='ltr'><strong>peremptus</strong></span> <span class='ocrx_word' id='word_1_5' title='bbox 506 298 629 340; x_wconf 85' lang='lat' dir='ltr'><strong>aureum</strong></span> <span class='ocrx_word' id='word_1_6' title='bbox 645 297 769 357; x_wconf 90' lang='lat' dir='ltr'><strong>serpens</strong></span> <span class='ocrx_word' id='word_1_7' title='bbox 784 297 889 340; x_wconf 93' lang='lat' dir='ltr'><strong>nemus</strong></span> 
     </span>
     <span class='ocr_line' id='line_1_3' title="bbox 195 363 802 445; baseline -0.005 -18"><span class='ocrx_word' id='word_1_8' title='bbox 195 374 224 427; x_wconf 89' lang='lat' dir='ltr'><strong>et</strong></span> <span class='ocrx_word' id='word_1_9' title='bbox 238 365 333 445; x_wconf 83' lang='lat' dir='ltr'><strong>hydra</strong></span> <span class='ocrx_word' id='word_1_10' title='bbox 349 367 428 426; x_wconf 92' lang='lat' dir='ltr'><strong>uires</strong></span> <span class='ocrx_word' id='word_1_11' title='bbox 443 367 541 445; x_wconf 86' lang='lat' dir='ltr'>posuit</span> <span class='ocrx_word' id='word_1_12' title='bbox 557 373 586 424; x_wconf 91' lang='lat' dir='ltr'><strong>et</strong></span> <span class='ocrx_word' id='word_1_13' title='bbox 601 372 687 424; x_wconf 89' lang='lat' dir='ltr'><strong>notos</strong></span> <span class='ocrx_word' id='word_1_14' title='bbox 702 363 802 425; x_wconf 81' lang='lat' dir='ltr'>Hebro</span> 
     </span>
     <span class='ocr_line' id='line_1_4' title="bbox 195 449 820 528; baseline -0.005 -18"><span class='ocrx_word' id='word_1_15' title='bbox 195 469 303 510; x_wconf 93' lang='lat' dir='ltr'><strong>cruore</strong></span> <span class='ocrx_word' id='word_1_16' title='bbox 318 451 442 528; x_wconf 83' lang='lat' dir='ltr'>pingues</span> <span class='ocrx_word' id='word_1_17' title='bbox 457 451 607 527; x_wconf 88' lang='lat' dir='ltr'><strong>hospitum</strong></span> <span class='ocrx_word' id='word_1_18' title='bbox 624 449 698 525; x_wconf 80' lang='lat' dir='ltr'><strong>fregi</strong></span> <span class='ocrx_word' id='word_1_19' title='bbox 715 465 820 527; x_wconf 83' lang='lat' dir='ltr'>greges</span> 
     </span>
     <span class='ocr_line' id='line_1_5' title="bbox 194 534 807 613; baseline -0.002 -18"><span class='ocrx_word' id='word_1_20' title='bbox 194 536 344 613; x_wconf 88' lang='lat' dir='ltr'><strong>hostisque</strong></span> <span class='ocrx_word' id='word_1_21' title='bbox 360 537 436 595; x_wconf 81' lang='lat' dir='ltr'>traxi</span> <span class='ocrx_word' id='word_1_22' title='bbox 452 535 545 613; x_wconf 84' lang='lat' dir='ltr'><strong>spolie</strong></span> <span class='ocrx_word' id='word_1_23' title='bbox 561 534 807 594; x_wconf 84' lang='lat' dir='ltr'><strong>thermodontiae.</strong></span> 
     </span>
     <span class='ocr_line' id='line_1_6' title="bbox 194 618 778 687; baseline -0.005 -7"><span class='ocrx_word' id='word_1_24' title='bbox 194 620 254 680; x_wconf 92' lang='lat' dir='ltr'><strong>uidi</strong></span> <span class='ocrx_word' id='word_1_25' title='bbox 270 618 407 681; x_wconf 80' lang='lat' dir='ltr'><strong>silentum</strong></span> <span class='ocrx_word' id='word_1_26' title='bbox 424 620 482 680; x_wconf 84' lang='lat' dir='ltr'><strong>sete</strong></span> <span class='ocrx_word' id='word_1_27' title='bbox 498 638 553 680; x_wconf 91' lang='lat' dir='ltr'><strong>neo</strong></span> <span class='ocrx_word' id='word_1_28' title='bbox 570 627 682 679; x_wconf 85' lang='lat' dir='ltr'><strong>tantum</strong></span> <span class='ocrx_word' id='word_1_29' title='bbox 700 618 778 687; x_wconf 89' lang='lat' dir='ltr'><strong>redi,</strong></span> 
     </span>
     <span class='ocr_line' id='line_1_7' title="bbox 193 702 851 782; baseline -0.003 -16"><span class='ocrx_word' id='word_1_30' title='bbox 193 705 244 766; x_wconf 91' lang='lat' dir='ltr'><strong>sed</strong></span> <span class='ocrx_word' id='word_1_31' title='bbox 261 705 393 782; x_wconf 83' lang='lat' dir='ltr'><strong>trepidus</strong></span> <span class='ocrx_word' id='word_1_32' title='bbox 409 712 505 764; x_wconf 84' lang='lat' dir='ltr'><strong>etrum</strong></span> <span class='ocrx_word' id='word_1_33' title='bbox 522 703 683 765; x_wconf 83' lang='lat' dir='ltr'><strong>Cerberum</strong></span> <span class='ocrx_word' id='word_1_34' title='bbox 700 702 774 763; x_wconf 88' lang='lat' dir='ltr'><strong>uidit</strong></span> <span class='ocrx_word' id='word_1_35' title='bbox 790 702 851 764; x_wconf 91' lang='lat' dir='ltr'><strong>dies</strong></span> 
     </span>
     <span class='ocr_line' id='line_1_8' title="bbox 194 787 859 866; baseline -0.006 -16"><span class='ocrx_word' id='word_1_36' title='bbox 194 798 222 850; x_wconf 88' lang='lat' dir='ltr'><strong>et</strong></span> <span class='ocrx_word' id='word_1_37' title='bbox 236 788 284 848; x_wconf 87' lang='lat' dir='ltr'><strong>ilie</strong></span> <span class='ocrx_word' id='word_1_38' title='bbox 300 787 401 849; x_wconf 82' lang='lat' dir='ltr'><strong>solem.</strong></span> <span class='ocrx_word' id='word_1_39' title='bbox 432 788 530 850; x_wconf 92' lang='lat' dir='ltr'><strong>nullus</strong></span> <span class='ocrx_word' id='word_1_40' title='bbox 544 790 673 849; x_wconf 76' lang='lat' dir='ltr'><strong>Antaeus</strong></span> <span class='ocrx_word' id='word_1_41' title='bbox 688 787 776 866; x_wconf 90' lang='lat' dir='ltr'><strong>Libys</strong></span> <span class='ocrx_word' id='word_1_42' title='bbox 858 797 859 800; x_wconf 75' lang='grc'>’</span> 
     </span>
     <span class='ocr_line' id='line_1_9' title="bbox 193 873 846 943; baseline 0.002 -11"><span class='ocrx_word' id='word_1_43' title='bbox 193 876 319 933; x_wconf 82' lang='lat' dir='ltr'><strong>animem</strong></span> <span class='ocrx_word' id='word_1_44' title='bbox 335 875 473 943; x_wconf 80' lang='lat' dir='ltr'><strong>resumit,</strong></span> <span class='ocrx_word' id='word_1_45' title='bbox 491 873 597 933; x_wconf 89' lang='lat' dir='ltr'><strong>cecidit</strong></span> <span class='ocrx_word' id='word_1_46' title='bbox 612 880 679 933; x_wconf 87' lang='lat' dir='ltr'><strong>ente</strong></span> <span class='ocrx_word' id='word_1_47' title='bbox 695 890 761 933; x_wconf 81' lang='lat' dir='ltr'><strong>ares</strong></span> <span class='ocrx_word' id='word_1_48' title='bbox 778 889 846 933; x_wconf 86' lang='lat' dir='ltr'><strong>suas</strong></span> 
     </span>
     <span class='ocr_line' id='line_1_10' title="bbox 193 959 828 1036; baseline 0 -19"><span class='ocrx_word' id='word_1_49' title='bbox 193 959 317 1027; x_wconf 82' lang='lat' dir='ltr'><strong>Busiris,</strong></span> <span class='ocrx_word' id='word_1_50' title='bbox 335 976 393 1018; x_wconf 84' lang='lat' dir='ltr'><strong>une</strong></span> <span class='ocrx_word' id='word_1_51' title='bbox 411 964 455 1018; x_wconf 91' lang='lat' dir='ltr'><strong>est</strong></span> <span class='ocrx_word' id='word_1_52' title='bbox 470 960 585 1036; x_wconf 80' lang='lat' dir='ltr'><strong>Geryon</strong></span> <span class='ocrx_word' id='word_1_53' title='bbox 602 975 723 1035; x_wconf 80' lang='lat' dir='ltr'><strong>sparsus</strong></span> <span class='ocrx_word' id='word_1_54' title='bbox 739 974 828 1018; x_wconf 85' lang='lat' dir='ltr'><strong>menu</strong></span> 
     </span>
     <span class='ocr_line' id='line_1_11' title="bbox 192 1042 899 1121; baseline -0.001 -18"><span class='ocrx_word' id='word_1_55' title='bbox 192 1053 354 1121; x_wconf 83' lang='lat' dir='ltr'><strong>taurusque</strong></span> <span class='ocrx_word' id='word_1_56' title='bbox 371 1043 487 1119; x_wconf 89' lang='lat' dir='ltr'><strong>populis</strong></span> <span class='ocrx_word' id='word_1_57' title='bbox 502 1042 642 1102; x_wconf 91' lang='lat' dir='ltr'><strong>horridus</strong></span> <span class='ocrx_word' id='word_1_58' title='bbox 659 1049 777 1101; x_wconf 90' lang='lat' dir='ltr'><strong>centum</strong></span> <span class='ocrx_word' id='word_1_59' title='bbox 793 1059 899 1120; x_wconf 85' lang='lat' dir='ltr'><strong>pauor.</strong></span> 
     </span>
     <span class='ocr_line' id='line_1_12' title="bbox 192 1126 862 1205; baseline 0 -18"><span class='ocrx_word' id='word_1_60' title='bbox 192 1128 399 1205; x_wconf 87' lang='lat' dir='ltr'><strong>quodcumque</strong></span> <span class='ocrx_word' id='word_1_61' title='bbox 416 1126 501 1187; x_wconf 85' lang='lat' dir='ltr'><strong>telius</strong></span> <span class='ocrx_word' id='word_1_62' title='bbox 517 1128 618 1203; x_wconf 83' lang='lat' dir='ltr'><strong>genuit</strong></span> <span class='ocrx_word' id='word_1_63' title='bbox 633 1127 737 1187; x_wconf 85' lang='lat' dir='ltr'><strong>inieste</strong></span> <span class='ocrx_word' id='word_1_64' title='bbox 754 1127 862 1187; x_wconf 88' lang='lat' dir='ltr'><strong>occidit</strong></span> 
     </span>
     <span class='ocr_line' id='line_1_13' title="bbox 191 1211 828 1291; baseline -0.002 -21"><span class='ocrx_word' id='word_1_65' title='bbox 191 1229 316 1291; x_wconf 85' lang='lat' dir='ltr'><strong>rneaque</strong></span> <span class='ocrx_word' id='word_1_66' title='bbox 333 1211 429 1271; x_wconf 90' lang='lat' dir='ltr'><strong>iusum</strong></span> <span class='ocrx_word' id='word_1_67' title='bbox 447 1219 490 1271; x_wconf 86' lang='lat' dir='ltr'><strong>est</strong></span> <span class='ocrx_word' id='word_1_68' title='bbox 507 1211 637 1271; x_wconf 76' lang='lat' dir='ltr'><strong>dextera,</strong></span> <span class='ocrx_word' id='word_1_69' title='bbox 668 1213 750 1270; x_wconf 84' lang='lat' dir='ltr'><strong>iratis</strong></span> <span class='ocrx_word' id='word_1_70' title='bbox 766 1211 828 1272; x_wconf 87' lang='lat' dir='ltr'><strong>deis</strong></span> 
     </span>
     <span class='ocr_line' id='line_1_14' title="bbox 193 1295 835 1370; baseline 0.003 -17"><span class='ocrx_word' id='word_1_71' title='bbox 193 1313 250 1355; x_wconf 93' lang='lat' dir='ltr'><strong>non</strong></span> <span class='ocrx_word' id='word_1_72' title='bbox 266 1295 348 1356; x_wconf 82' lang='lat' dir='ltr'><strong>licuit</strong></span> <span class='ocrx_word' id='word_1_73' title='bbox 364 1314 436 1355; x_wconf 92' lang='lat' dir='ltr'><strong>esse.</strong></span> <span class='ocrx_word' id='word_1_74' title='bbox 468 1295 492 1353; x_wconf 94' lang='lat' dir='ltr'><strong>si</strong></span> <span class='ocrx_word' id='word_1_75' title='bbox 508 1301 596 1370; x_wconf 83' lang='lat' dir='ltr'><strong>neget</strong></span> <span class='ocrx_word' id='word_1_76' title='bbox 610 1295 740 1354; x_wconf 89' lang='lat' dir='ltr'><strong>mundus</strong></span> <span class='ocrx_word' id='word_1_77' title='bbox 756 1296 835 1355; x_wconf 85' lang='lat' dir='ltr'><strong>ieras</strong></span> 
     </span>
    </p>

    <p class='ocr_par' dir='ltr' id='par_1_3' title="bbox 116 1379 925 1710">
     <span class='ocr_line' id='line_1_15' title="bbox 116 1379 925 1458; baseline 0.002 -20"><span class='ocrx_word' id='word_1_78' title='bbox 116 1436 122 1446; x_wconf 92' lang='grc'><em>,</em></span> <span class='ocrx_word' id='word_1_79' title='bbox 193 1381 321 1440; x_wconf 83' lang='lat' dir='ltr'><strong>animum</strong></span> <span class='ocrx_word' id='word_1_80' title='bbox 339 1397 484 1448; x_wconf 80' lang='lat' dir='ltr'><strong>nouerca,</strong></span> <span class='ocrx_word' id='word_1_81' title='bbox 502 1379 595 1440; x_wconf 86' lang='lat' dir='ltr'><strong>redde</strong></span> <span class='ocrx_word' id='word_1_82' title='bbox 610 1396 690 1438; x_wconf 92' lang='lat' dir='ltr'><strong>nunc</strong></span> <span class='ocrx_word' id='word_1_83' title='bbox 706 1388 794 1455; x_wconf 84' lang='lat' dir='ltr'><strong>gnato</strong></span> <span class='ocrx_word' id='word_1_84' title='bbox 810 1385 925 1458; x_wconf 85' lang='lat' dir='ltr'><strong>petrem</strong></span> 
     </span>
     <span class='ocr_line' id='line_1_16' title="bbox 192 1463 889 1541; baseline 0.001 -18"><span class='ocrx_word' id='word_1_85' title='bbox 192 1464 239 1524; x_wconf 93' lang='lat' dir='ltr'><strong>uel</strong></span> <span class='ocrx_word' id='word_1_86' title='bbox 255 1472 333 1524; x_wconf 82' lang='lat' dir='ltr'><strong>astra</strong></span> <span class='ocrx_word' id='word_1_87' title='bbox 348 1463 426 1524; x_wconf 82' lang='lat' dir='ltr'><strong>torti.</strong></span> <span class='ocrx_word' id='word_1_88' title='bbox 457 1481 513 1524; x_wconf 90' lang='lat' dir='ltr'><strong>nec</strong></span> <span class='ocrx_word' id='word_1_89' title='bbox 527 1471 596 1541; x_wconf 90' lang='lat' dir='ltr'><strong>peto</strong></span> <span class='ocrx_word' id='word_1_90' title='bbox 611 1469 644 1523; x_wconf 96' lang='lat' dir='ltr'><strong>ut</strong></span> <span class='ocrx_word' id='word_1_91' title='bbox 658 1471 805 1524; x_wconf 84' lang='lat' dir='ltr'><strong>monstres</strong></span> <span class='ocrx_word' id='word_1_92' title='bbox 820 1465 889 1524; x_wconf 92' lang='lat' dir='ltr'><strong>iter:</strong></span> 
     </span>
     <span class='ocr_line' id='line_1_17' title="bbox 190 1549 872 1626; baseline 0.001 -19"><span class='ocrx_word' id='word_1_93' title='bbox 190 1550 327 1626; x_wconf 88' lang='lat' dir='ltr'><strong>permitte</strong></span> <span class='ocrx_word' id='word_1_94' title='bbox 342 1556 455 1609; x_wconf 86' lang='lat' dir='ltr'><strong>tentum</strong></span> <span class='ocrx_word' id='word_1_95' title='bbox 471 1549 602 1626; x_wconf 83' lang='lat' dir='ltr'><strong>genitor,</strong></span> <span class='ocrx_word' id='word_1_96' title='bbox 618 1550 767 1609; x_wconf 82' lang='lat' dir='ltr'><strong>inueniam</strong></span> <span class='ocrx_word' id='word_1_97' title='bbox 782 1550 872 1609; x_wconf 83' lang='lat' dir='ltr'><strong>uiam.</strong></span> 
     </span>
     <span class='ocr_line' id='line_1_18' title="bbox 192 1632 802 1710; baseline -0.002 -17"><span class='ocrx_word' id='word_1_98' title='bbox 192 1632 238 1693; x_wconf 91' lang='lat' dir='ltr'><strong>uel</strong></span> <span class='ocrx_word' id='word_1_99' title='bbox 255 1634 279 1693; x_wconf 92' lang='lat' dir='ltr'><strong>si</strong></span> <span class='ocrx_word' id='word_1_100' title='bbox 296 1635 379 1693; x_wconf 85' lang='lat' dir='ltr'><strong>times</strong></span> <span class='ocrx_word' id='word_1_101' title='bbox 395 1651 433 1694; x_wconf 89' lang='lat' dir='ltr'><strong>ne</strong></span> <span class='ocrx_word' id='word_1_102' title='bbox 448 1639 529 1693; x_wconf 82' lang='lat' dir='ltr'><strong>terra</strong></span> <span class='ocrx_word' id='word_1_103' title='bbox 547 1634 694 1710; x_wconf 84' lang='lat' dir='ltr'><strong>concipiet</strong></span> <span class='ocrx_word' id='word_1_104' title='bbox 710 1632 802 1702; x_wconf 86' lang='lat' dir='ltr'><strong>ieras,</strong></span> 
     </span>
    </p>

    <p class='ocr_par' dir='ltr' id='par_1_4' title="bbox 162 1717 1158 1798">
     <span class='ocr_line' id='line_1_19' title="bbox 162 1717 1158 1798; baseline -0.005 -16"><span class='ocrx_word' id='word_1_105' title='bbox 162 1742 174 1782; x_wconf 81' lang='lat' dir='ltr'><strong>e</strong></span> <span class='ocrx_word' id='word_1_106' title='bbox 192 1725 334 1795; x_wconf 78' lang='lat' dir='ltr'><strong>properet</strong></span> <span class='ocrx_word' id='word_1_107' title='bbox 347 1717 457 1778; x_wconf 83' lang='lat' dir='ltr'><strong>maium</strong></span> <span class='ocrx_word' id='word_1_108' title='bbox 473 1718 695 1798; x_wconf 88' lang='lat' dir='ltr'><strong>quodcumque,</strong></span> <span class='ocrx_word' id='word_1_109' title='bbox 713 1718 783 1778; x_wconf 93' lang='lat' dir='ltr'><strong>dum</strong></span> <span class='ocrx_word' id='word_1_110' title='bbox 799 1725 877 1778; x_wconf 83' lang='lat' dir='ltr'><strong>terre</strong></span> <span class='ocrx_word' id='word_1_111' title='bbox 894 1718 1053 1780; x_wconf 88' lang='lat' dir='ltr'><strong>Herculem</strong></span> <span class='ocrx_word' id='word_1_112' title='bbox 1123 1729 1158 1778; x_wconf 83' lang='lat'><strong>35</strong></span> 
     </span>
    </p>

    <p class='ocr_par' dir='ltr' id='par_1_5' title="bbox 191 1800 848 1880">
     <span class='ocr_line' id='line_1_20' title="bbox 191 1800 848 1880; baseline 0.003 -20"><span class='ocrx_word' id='word_1_113' title='bbox 191 1800 281 1862; x_wconf 86' lang='lat' dir='ltr'><strong>hebet</strong></span> <span class='ocrx_word' id='word_1_114' title='bbox 296 1802 448 1880; x_wconf 81' lang='lat' dir='ltr'><strong>uidetque:</strong></span> <span class='ocrx_word' id='word_1_115' title='bbox 473 1820 542 1862; x_wconf 89' lang='lat' dir='ltr'><strong>nern</strong></span> <span class='ocrx_word' id='word_1_116' title='bbox 558 1803 622 1880; x_wconf 92' lang='lat' dir='ltr'><strong>quis</strong></span> <span class='ocrx_word' id='word_1_117' title='bbox 638 1803 758 1864; x_wconf 85' lang='lat' dir='ltr'><strong>inuadet</strong></span> <span class='ocrx_word' id='word_1_118' title='bbox 773 1802 848 1862; x_wconf 87' lang='lat' dir='ltr'><strong>male</strong></span> 
     </span>
    </p>

    <p class='ocr_par' dir='ltr' id='par_1_6' title="bbox 118 1886 1223 2728">
     <span class='ocr_line' id='line_1_21' title="bbox 118 1886 849 1964; baseline 0.003 -18"><span class='ocrx_word' id='word_1_119' title='bbox 118 1911 120 1920; x_wconf 37' lang='lat' dir='ltr'><strong>r</strong></span> <span class='ocrx_word' id='word_1_120' title='bbox 191 1892 241 1947; x_wconf 86' lang='lat' dir='ltr'><strong>eut</strong></span> <span class='ocrx_word' id='word_1_121' title='bbox 256 1888 321 1962; x_wconf 88' lang='lat' dir='ltr'><strong>quis</strong></span> <span class='ocrx_word' id='word_1_122' title='bbox 336 1904 390 1964; x_wconf 91' lang='lat' dir='ltr'><strong>per</strong></span> <span class='ocrx_word' id='word_1_123' title='bbox 406 1886 496 1947; x_wconf 91' lang='lat' dir='ltr'><strong>urbes</strong></span> <span class='ocrx_word' id='word_1_124' title='bbox 511 1905 616 1948; x_wconf 89' lang='lat' dir='ltr'><strong>rursus</strong></span> <span class='ocrx_word' id='word_1_125' title='bbox 631 1887 777 1964; x_wconf 80' lang='lat' dir='ltr'><strong>argolicas</strong></span> <span class='ocrx_word' id='word_1_126' title='bbox 793 1888 849 1948; x_wconf 90' lang='lat' dir='ltr'><strong>erit</strong></span> 
     </span>
     <span class='ocr_line' id='line_1_22' title="bbox 190 1970 846 2048; baseline 0.005 -17"><span class='ocrx_word' id='word_1_127' title='bbox 190 1970 311 2031; x_wconf 93' lang='lat' dir='ltr'><strong>lunonis</strong></span> <span class='ocrx_word' id='word_1_128' title='bbox 327 1971 395 2030; x_wconf 90' lang='lat' dir='ltr'><strong>odio</strong></span> <span class='ocrx_word' id='word_1_129' title='bbox 411 1971 536 2048; x_wconf 76' lang='lat' dir='ltr'><strong>dignus?</strong></span> <span class='ocrx_word' id='word_1_130' title='bbox 551 1973 637 2032; x_wconf 86' lang='lat' dir='ltr'><strong>-in</strong></span> <span class='ocrx_word' id='word_1_131' title='bbox 653 1978 749 2032; x_wconf 87' lang='lat' dir='ltr'><strong>tutum</strong></span> <span class='ocrx_word' id='word_1_132' title='bbox 765 1991 846 2034; x_wconf 86' lang='lat' dir='ltr'><strong>meas</strong></span> 
     </span>
     <span class='ocr_line' id='line_1_23' title="bbox 189 2054 1083 2133; baseline 0.001 -20"><span class='ocrx_word' id='word_1_133' title='bbox 189 2054 293 2115; x_wconf 87' lang='lat' dir='ltr'><strong>laudes</strong></span> <span class='ocrx_word' id='word_1_134' title='bbox 309 2055 423 2133; x_wconf 84' lang='lat' dir='ltr'><strong>redegi,</strong></span> <span class='ocrx_word' id='word_1_135' title='bbox 441 2054 519 2115; x_wconf 87' lang='lat' dir='ltr'><strong>nuile</strong></span> <span class='ocrx_word' id='word_1_136' title='bbox 536 2074 584 2116; x_wconf 88' lang='lat' dir='ltr'><strong>rne</strong></span> <span class='ocrx_word' id='word_1_137' title='bbox 600 2055 687 2116; x_wconf 84' lang='lat' dir='ltr'><strong>tellus</strong></span> <span class='ocrx_word' id='word_1_138' title='bbox 701 2056 774 2117; x_wconf 89' lang='lat' dir='ltr'><strong>silet.</strong></span> <span class='ocrx_word' id='word_1_139' title='bbox 905 2113 913 2122; x_wconf 76' lang='grc'>,</span> <span class='ocrx_word' id='word_1_140' title='bbox 941 2073 1003 2122; x_wconf 72' lang='lat' dir='ltr'><strong>Quat.</strong></span> <span class='ocrx_word' id='word_1_141' title='bbox 1018 2071 1083 2114; x_wconf 82' lang='lat' dir='ltr'><strong>xvir</strong></span> 
     </span>
     <span class='ocr_line' id='line_1_24' title="bbox 189 2141 1161 2220; baseline 0.004 -22"><span class='ocrx_word' id='word_1_142' title='bbox 189 2158 238 2199; x_wconf 90' lang='lat' dir='ltr'><strong>me</strong></span> <span class='ocrx_word' id='word_1_143' title='bbox 253 2142 344 2200; x_wconf 83' lang='lat' dir='ltr'><strong>sensit</strong></span> <span class='ocrx_word' id='word_1_144' title='bbox 359 2158 446 2200; x_wconf 82' lang='lat' dir='ltr'><strong>ursae</strong></span> <span class='ocrx_word' id='word_1_145' title='bbox 461 2141 599 2218; x_wconf 83' lang='lat' dir='ltr'><strong>frigidum</strong></span> <span class='ocrx_word' id='word_1_146' title='bbox 616 2141 763 2220; x_wconf 78' lang='lat' dir='ltr'><strong>scythicae</strong></span> <span class='ocrx_word' id='word_1_147' title='bbox 779 2157 873 2219; x_wconf 86' lang='lat' dir='ltr'><strong>genus</strong></span> <span class='ocrx_word' id='word_1_148' title='bbox 944 2156 966 2197; x_wconf 89' lang='lat' dir='ltr'><strong>r.</strong></span> <span class='ocrx_word' id='word_1_149' title='bbox 981 2157 1107 2200; x_wconf 86' lang='lat' dir='ltr'><strong>cxxxru</strong></span> <span class='ocrx_word' id='word_1_150' title='bbox 1126 2154 1161 2202; x_wconf 82' lang='lat'><strong>40</strong></span> 
     </span>
     <span class='ocr_line' id='line_1_25' title="bbox 189 2224 862 2307; baseline 0.004 -23"><span class='ocrx_word' id='word_1_151' title='bbox 189 2224 338 2303; x_wconf 92' lang='lat' dir='ltr'><strong>Indusque</strong></span> <span class='ocrx_word' id='word_1_152' title='bbox 352 2224 473 2285; x_wconf 84' lang='lat' dir='ltr'><strong>Phoebo</strong></span> <span class='ocrx_word' id='word_1_153' title='bbox 490 2224 624 2285; x_wconf 89' lang='lat' dir='ltr'><strong>subditus</strong></span> <span class='ocrx_word' id='word_1_154' title='bbox 640 2243 747 2286; x_wconf 81' lang='lat' dir='ltr'><strong>cancro</strong></span> <span class='ocrx_word' id='word_1_155' title='bbox 764 2225 862 2307; x_wconf 83' lang='lat' dir='ltr'><strong>Libys</strong></span> 
     </span>
     <span class='ocr_line' id='line_1_26' title="bbox 189 2307 742 2378; baseline 0.007 -11"><span class='ocrx_word' id='word_1_156' title='bbox 189 2316 218 2369; x_wconf 92' lang='lat' dir='ltr'><strong>te</strong></span> <span class='ocrx_word' id='word_1_157' title='bbox 234 2307 313 2369; x_wconf 87' lang='lat' dir='ltr'><strong>clare</strong></span> <span class='ocrx_word' id='word_1_158' title='bbox 329 2310 414 2370; x_wconf 82' lang='lat' dir='ltr'><strong>&#39;iiten</strong></span> <span class='ocrx_word' id='word_1_159' title='bbox 431 2317 539 2378; x_wconf 90' lang='lat' dir='ltr'><strong>testor,</strong></span> <span class='ocrx_word' id='word_1_160' title='bbox 557 2312 674 2370; x_wconf 88' lang='lat' dir='ltr'><strong>occurri</strong></span> <span class='ocrx_word' id='word_1_161' title='bbox 690 2310 742 2371; x_wconf 90' lang='lat' dir='ltr'><strong>tibi</strong></span> 
     </span>
     <span class='ocr_line' id='line_1_27' title="bbox 190 2392 874 2476; baseline 0.006 -23"><span class='ocrx_word' id='word_1_162' title='bbox 190 2411 376 2471; x_wconf 82' lang='lat' dir='ltr'><strong>quecumque</strong></span> <span class='ocrx_word' id='word_1_163' title='bbox 391 2392 486 2472; x_wconf 84' lang='lat' dir='ltr'><strong>iulges</strong></span> <span class='ocrx_word' id='word_1_164' title='bbox 501 2411 557 2454; x_wconf 91' lang='lat' dir='ltr'><strong>nec</strong></span> <span class='ocrx_word' id='word_1_165' title='bbox 573 2412 655 2454; x_wconf 92' lang='lat' dir='ltr'><strong>meos</strong></span> <span class='ocrx_word' id='word_1_166' title='bbox 669 2394 719 2455; x_wconf 87' lang='lat' dir='ltr'><strong>lux</strong></span> <span class='ocrx_word' id='word_1_167' title='bbox 735 2399 874 2476; x_wconf 90' lang='lat' dir='ltr'><strong>prosequi</strong></span> 
     </span>
     <span class='ocr_line' id='line_1_28' title="bbox 189 2479 800 2557; baseline 0.006 -20"><span class='ocrx_word' id='word_1_168' title='bbox 189 2479 475 2557; x_wconf 89' lang='lat' dir='ltr'><strong>potuittriumphos.</strong></span> <span class='ocrx_word' id='word_1_169' title='bbox 506 2479 576 2539; x_wconf 92' lang='lat' dir='ltr'><strong>soiis</strong></span> <span class='ocrx_word' id='word_1_170' title='bbox 592 2481 703 2540; x_wconf 83' lang='lat' dir='ltr'><strong>excessi</strong></span> <span class='ocrx_word' id='word_1_171' title='bbox 719 2482 800 2541; x_wconf 88' lang='lat' dir='ltr'><strong>uices</strong></span> 
     </span>
     <span class='ocr_line' id='line_1_29' title="bbox 188 2562 1160 2642; baseline 0.006 -22"><span class='ocrx_word' id='word_1_172' title='bbox 188 2563 324 2642; x_wconf 81' lang='lat' dir='ltr'><strong>introque</strong></span> <span class='ocrx_word' id='word_1_173' title='bbox 341 2571 457 2622; x_wconf 84' lang='lat' dir='ltr'><strong>nostres</strong></span> <span class='ocrx_word' id='word_1_174' title='bbox 472 2562 602 2624; x_wconf 89' lang='lat' dir='ltr'><strong>substitit</strong></span> <span class='ocrx_word' id='word_1_175' title='bbox 617 2573 710 2624; x_wconf 83' lang='lat' dir='ltr'><strong>metes</strong></span> <span class='ocrx_word' id='word_1_176' title='bbox 725 2565 797 2625; x_wconf 86' lang='lat' dir='ltr'><strong>dies.</strong></span> <span class='ocrx_word' id='word_1_177' title='bbox 1124 2578 1160 2626; x_wconf 83' lang='lat'><strong>45</strong></span> 
     </span>
     <span class='ocr_line' id='line_1_30' title="bbox 189 2648 784 2728; baseline 0.01 -24"><span class='ocrx_word' id='word_1_178' title='bbox 189 2653 294 2706; x_wconf 82' lang='lat' dir='ltr'><strong>notura</strong></span> <span class='ocrx_word' id='word_1_179' title='bbox 310 2648 411 2716; x_wconf 91' lang='lat' dir='ltr'><strong>cessit,</strong></span> <span class='ocrx_word' id='word_1_180' title='bbox 426 2656 508 2708; x_wconf 84' lang='lat' dir='ltr'><strong>terre</strong></span> <span class='ocrx_word' id='word_1_181' title='bbox 525 2648 630 2710; x_wconf 87' lang='lat' dir='ltr'><strong>deiecit</strong></span> <span class='ocrx_word' id='word_1_182' title='bbox 646 2651 784 2728; x_wconf 84' lang='lat' dir='ltr'><strong>gradum,</strong></span> 
     </span>
    </p>
   </div>
   <div class='ocr_carea' id='block_1_3' title="bbox 186 2883 1110 3433">
    <p class='ocr_par' dir='ltr' id='par_1_7' title="bbox 186 2883 1110 3433">
     <span class='ocr_line' id='line_1_31' title="bbox 256 2883 1109 2958; baseline 0.011 -25"><span class='ocrx_word' id='word_1_183' title='bbox 256 2886 289 2934; x_wconf 90' lang='grc'><strong>20</strong></span> <span class='ocrx_word' id='word_1_184' title='bbox 307 2885 380 2948; x_wconf 85' lang='lat' dir='ltr'><strong>fregi</strong></span> <span class='ocrx_word' id='word_1_185' title='bbox 397 2885 423 2933; x_wconf 85' lang='lat' dir='ltr'><em>E</em></span> <span class='ocrx_word' id='word_1_186' title='bbox 435 2886 554 2934; x_wconf 71' lang='lat' dir='ltr'><strong>neu-iant</strong></span> <span class='ocrx_word' id='word_1_187' title='bbox 571 2885 630 2934; x_wconf 85' lang='lat' dir='ltr'><strong>fudi</strong></span> <span class='ocrx_word' id='word_1_188' title='bbox 649 2887 673 2935; x_wconf 99' lang='lat' dir='ltr'><em>A</em></span> <span class='ocrx_word' id='word_1_189' title='bbox 696 2883 709 2952; x_wconf 95' lang='grc' dir='ltr'>Η</span> <span class='ocrx_word' id='word_1_190' title='bbox 732 2889 764 2936; x_wconf 90' lang='grc'><strong>22</strong></span> <span class='ocrx_word' id='word_1_191' title='bbox 783 2888 912 2939; x_wconf 89' lang='lat' dir='ltr'><strong>silentum</strong></span> <span class='ocrx_word' id='word_1_192' title='bbox 930 2890 982 2941; x_wconf 83' lang='lat' dir='ltr'><strong>EA</strong></span> <span class='ocrx_word' id='word_1_193' title='bbox 1005 2907 1109 2958; x_wconf 78' lang='lat' dir='ltr'><strong>regen·</strong></span> 
     </span>
     <span class='ocr_line' id='line_1_32' title="bbox 188 2947 1106 3028; baseline 0.012 -29"><span class='ocrx_word' id='word_1_194' title='bbox 188 2955 244 3000; x_wconf 84' lang='lat' dir='ltr'><strong>tem</strong></span> <span class='ocrx_word' id='word_1_195' title='bbox 257 2961 279 3015; x_wconf 81' lang='grc' dir='ltr'><strong><em>ψ</em></strong></span> <span class='ocrx_word' id='word_1_196' title='bbox 293 2947 304 3016; x_wconf 93' lang='grc' dir='ltr'>Η</span> <span class='ocrx_word' id='word_1_197' title='bbox 316 2955 422 3001; x_wconf 84' lang='lat' dir='ltr'><strong>tentum</strong></span> <span class='ocrx_word' id='word_1_198' title='bbox 436 2960 473 3016; x_wconf 83' lang='grc' dir='ltr'><strong>εψ</strong></span> <span class='ocrx_word' id='word_1_199' title='bbox 492 2958 585 3002; x_wconf 82' lang='lat' dir='ltr'><strong>temen</strong></span> <span class='ocrx_word' id='word_1_200' title='bbox 598 2955 622 3002; x_wconf 95' lang='lat' dir='ltr'><em>A</em></span> <span class='ocrx_word' id='word_1_201' title='bbox 635 2949 646 3018; x_wconf 96' lang='grc' dir='ltr'>Η</span> <span class='ocrx_word' id='word_1_202' title='bbox 658 2955 691 3002; x_wconf 83' lang='grc'><strong>26</strong></span> <span class='ocrx_word' id='word_1_203' title='bbox 709 2969 764 3004; x_wconf 81' lang='lat' dir='ltr'><strong>une</strong></span> <span class='ocrx_word' id='word_1_204' title='bbox 777 2971 881 3020; x_wconf 85' lang='lat' dir='ltr'><strong>geryon</strong></span> <span class='ocrx_word' id='word_1_205' title='bbox 900 2958 955 3020; x_wconf 85' lang='lat' dir='ltr'><strong>(om.</strong></span> <span class='ocrx_word' id='word_1_206' title='bbox 970 2959 1024 3024; x_wconf 81' lang='lat' dir='ltr'><strong>est)</strong></span> <span class='ocrx_word' id='word_1_207' title='bbox 1043 2961 1070 3010; x_wconf 88' lang='lat' dir='ltr'><em>E</em></span> <span class='ocrx_word' id='word_1_208' title='bbox 1092 2959 1106 3028; x_wconf 93' lang='grc' dir='ltr'>Η</span> 
     </span>
     <span class='ocr_line' id='line_1_33' title="bbox 188 3016 1108 3094; baseline 0.012 -25"><span class='ocrx_word' id='word_1_209' title='bbox 188 3021 220 3070; x_wconf 86' lang='grc'><strong>28</strong></span> <span class='ocrx_word' id='word_1_210' title='bbox 233 3020 337 3069; x_wconf 86' lang='lat' dir='ltr'><strong>infesta</strong></span> <span class='ocrx_word' id='word_1_211' title='bbox 347 3020 395 3083; x_wconf 81' lang='grc' dir='ltr'><strong>Εψ</strong></span> <span class='ocrx_word' id='word_1_212' title='bbox 409 3020 541 3069; x_wconf 86' lang='lat' dir='ltr'><strong>infestum</strong></span> <span class='ocrx_word' id='word_1_213' title='bbox 552 3022 576 3068; x_wconf 87' lang='lat' dir='ltr'><em>A</em></span> <span class='ocrx_word' id='word_1_214' title='bbox 587 3016 600 3086; x_wconf 92' lang='grc' dir='ltr'>Η</span> <span class='ocrx_word' id='word_1_215' title='bbox 612 3023 643 3071; x_wconf 86' lang='grc'><strong>29</strong></span> <span class='ocrx_word' id='word_1_216' title='bbox 656 3022 746 3070; x_wconf 88' lang='lat' dir='ltr'><strong>fusum</strong></span> <span class='ocrx_word' id='word_1_217' title='bbox 761 3029 803 3073; x_wconf 89' lang='lat' dir='ltr'><strong>est</strong></span> <span class='ocrx_word' id='word_1_218' title='bbox 815 3024 865 3087; x_wconf 76' lang='lat' dir='ltr'><strong>Erp</strong></span> <span class='ocrx_word' id='word_1_219' title='bbox 879 3030 921 3074; x_wconf 88' lang='lat' dir='ltr'><strong>est</strong></span> <span class='ocrx_word' id='word_1_220' title='bbox 930 3043 977 3076; x_wconf 87' lang='lat' dir='ltr'><strong>om.</strong></span> <span class='ocrx_word' id='word_1_221' title='bbox 989 3044 1007 3077; x_wconf 84' lang='lat' dir='ltr'><strong>cc</strong></span> <span class='ocrx_word' id='word_1_222' title='bbox 1018 3025 1030 3094; x_wconf 94' lang='grc' dir='ltr'>Η</span> <span class='ocrx_word' id='word_1_223' title='bbox 1044 3045 1108 3080; x_wconf 83' lang='lat' dir='ltr'><strong>era-</strong></span> 
     </span>
     <span class='ocr_line' id='line_1_34' title="bbox 186 3083 1108 3162; baseline 0.013 -26"><span class='ocrx_word' id='word_1_224' title='bbox 186 3088 224 3138; x_wconf 88' lang='lat' dir='ltr'><strong>tis</strong></span> <span class='ocrx_word' id='word_1_225' title='bbox 242 3086 268 3136; x_wconf 93' lang='grc' dir='ltr'><em>Ε</em></span> <span class='ocrx_word' id='word_1_226' title='bbox 291 3083 302 3152; x_wconf 99' lang='grc' dir='ltr'>Η</span> <span class='ocrx_word' id='word_1_227' title='bbox 325 3090 358 3137; x_wconf 87' lang='grc'><strong>30</strong></span> <span class='ocrx_word' id='word_1_228' title='bbox 376 3088 399 3136; x_wconf 91' lang='lat' dir='ltr'><strong>si</strong></span> <span class='ocrx_word' id='word_1_229' title='bbox 418 3088 443 3136; x_wconf 83' lang='lat' dir='ltr'><em>E</em></span> <span class='ocrx_word' id='word_1_230' title='bbox 459 3090 534 3138; x_wconf 77' lang='lat' dir='ltr'><strong>Voss.</strong></span> <span class='ocrx_word' id='word_1_231' title='bbox 548 3089 652 3151; x_wconf 84' lang='lat' dir='ltr'><strong>Lipsius</strong></span> <span class='ocrx_word' id='word_1_232' title='bbox 664 3105 699 3139; x_wconf 76' lang='lat' dir='ltr'><strong>eo</strong></span> <span class='ocrx_word' id='word_1_233' title='bbox 712 3091 752 3140; x_wconf 71' lang='grc' dir='ltr'><strong>ΗΕ</strong></span> <span class='ocrx_word' id='word_1_234' title='bbox 763 3098 790 3140; x_wconf 85' lang='lat' dir='ltr'><strong>ut</strong></span> <span class='ocrx_word' id='word_1_235' title='bbox 802 3093 911 3142; x_wconf 85' lang='lat' dir='ltr'><strong>uidetur.</strong></span> <span class='ocrx_word' id='word_1_236' title='bbox 930 3095 971 3157; x_wconf 76' lang='lat' dir='ltr'><strong>sic</strong></span> <span class='ocrx_word' id='word_1_237' title='bbox 989 3096 1013 3144; x_wconf 93' lang='lat' dir='ltr'><em>A</em></span> <span class='ocrx_word' id='word_1_238' title='bbox 1035 3092 1047 3162; x_wconf 97' lang='grc' dir='ltr'>Η</span> <span class='ocrx_word' id='word_1_239' title='bbox 1072 3100 1108 3148; x_wconf 85' lang='grc'><strong>31</strong></span> 
     </span>
     <span class='ocr_line' id='line_1_35' title="bbox 188 3145 1109 3221; baseline 0.012 -17"><span class='ocrx_word' id='word_1_240' title='bbox 188 3145 289 3206; x_wconf 68' lang='grc' dir='ltr'>οοὲιοα</span> <span class='ocrx_word' id='word_1_241' title='bbox 301 3155 326 3204; x_wconf 93' lang='grc' dir='ltr'><em>Ε</em></span> <span class='ocrx_word' id='word_1_242' title='bbox 339 3153 398 3218; x_wconf 87' lang='lat' dir='ltr'><strong>(sed</strong></span> <span class='ocrx_word' id='word_1_243' title='bbox 410 3170 533 3206; x_wconf 81' lang='lat' dir='ltr'><strong>coeroem</strong></span> <span class='ocrx_word' id='word_1_244' title='bbox 546 3162 563 3204; x_wconf 85' lang='lat' dir='ltr'><strong>t.</strong></span> <span class='ocrx_word' id='word_1_245' title='bbox 576 3156 664 3221; x_wconf 87' lang='lat' dir='ltr'><strong>NHs.)</strong></span> <span class='ocrx_word' id='word_1_246' title='bbox 677 3169 799 3208; x_wconf 79' lang='lat' dir='ltr'><strong>nouerca</strong></span> <span class='ocrx_word' id='word_1_247' title='bbox 812 3160 837 3209; x_wconf 92' lang='lat' dir='ltr'><em>A</em></span> <span class='ocrx_word' id='word_1_248' title='bbox 849 3177 883 3210; x_wconf 84' lang='lat' dir='ltr'><strong>on</strong></span> <span class='ocrx_word' id='word_1_249' title='bbox 895 3161 1043 3213; x_wconf 90' lang='lat' dir='ltr'><strong>dominum</strong></span> <span class='ocrx_word' id='word_1_250' title='bbox 1055 3180 1109 3216; x_wconf 88' lang='lat' dir='ltr'><strong>no-</strong></span> 
     </span>
     <span class='ocr_line' id='line_1_36' title="bbox 187 3220 1109 3291; baseline 0.012 -19"><span class='ocrx_word' id='word_1_251' title='bbox 187 3225 289 3274; x_wconf 82' lang='lat' dir='ltr'><strong>uerca?</strong></span> <span class='ocrx_word' id='word_1_252' title='bbox 298 3220 307 3287; x_wconf 94' lang='grc' dir='ltr'>Η</span> <span class='ocrx_word' id='word_1_253' title='bbox 316 3226 349 3274; x_wconf 84' lang='grc'><strong>34</strong></span> <span class='ocrx_word' id='word_1_254' title='bbox 361 3228 436 3272; x_wconf 80' lang='lat' dir='ltr'><strong>terra</strong></span> <span class='ocrx_word' id='word_1_255' title='bbox 448 3240 469 3274; x_wconf 86' lang='grc' dir='ltr'><em>ω</em></span> <span class='ocrx_word' id='word_1_256' title='bbox 483 3224 576 3272; x_wconf 82' lang='lat' dir='ltr'><strong>foeta</strong></span> <span class='ocrx_word' id='word_1_257' title='bbox 589 3224 664 3276; x_wconf 84' lang='lat' dir='ltr'><strong>NHo.</strong></span> <span class='ocrx_word' id='word_1_258' title='bbox 675 3223 683 3291; x_wconf 94' lang='grc' dir='ltr'>Η</span> <span class='ocrx_word' id='word_1_259' title='bbox 692 3228 724 3275; x_wconf 83' lang='grc'><strong>35</strong></span> <span class='ocrx_word' id='word_1_260' title='bbox 737 3230 812 3277; x_wconf 81' lang='lat' dir='ltr'><strong>terra</strong></span> <span class='ocrx_word' id='word_1_261' title='bbox 825 3244 846 3278; x_wconf 87' lang='grc' dir='ltr'><strong><em>ω</em></strong></span> <span class='ocrx_word' id='word_1_262' title='bbox 858 3245 892 3278; x_wconf 84' lang='lat' dir='ltr'><strong>an</strong></span> <span class='ocrx_word' id='word_1_263' title='bbox 904 3229 1018 3280; x_wconf 81' lang='lat' dir='ltr'><strong>laete?</strong></span> <span class='ocrx_word' id='word_1_264' title='bbox 1030 3236 1109 3284; x_wconf 66' lang='lat' dir='ltr'><strong>terri</strong></span> 
     </span>
     <span class='ocr_line' id='line_1_37' title="bbox 187 3287 1108 3362; baseline 0.012 -22"><span class='ocrx_word' id='word_1_265' title='bbox 187 3289 314 3341; x_wconf 86' lang='lat' dir='ltr'><strong>hercules</strong></span> <span class='ocrx_word' id='word_1_266' title='bbox 332 3307 376 3342; x_wconf 87' lang='lat' dir='ltr'><strong>me.</strong></span> <span class='ocrx_word' id='word_1_267' title='bbox 396 3291 483 3341; x_wconf 79' lang='lat' dir='ltr'><strong>Gelon.</strong></span> <span class='ocrx_word' id='word_1_268' title='bbox 499 3287 510 3357; x_wconf 96' lang='grc' dir='ltr'>Η</span> <span class='ocrx_word' id='word_1_269' title='bbox 528 3294 560 3342; x_wconf 80' lang='grc'><strong>39</strong></span> <span class='ocrx_word' id='word_1_270' title='bbox 578 3292 673 3357; x_wconf 85' lang='lat' dir='ltr'><strong>redegi</strong></span> <span class='ocrx_word' id='word_1_271' title='bbox 691 3293 716 3342; x_wconf 94' lang='grc' dir='ltr'><em>Ε</em></span> <span class='ocrx_word' id='word_1_272' title='bbox 734 3297 829 3360; x_wconf 86' lang='lat' dir='ltr'><strong>recepi</strong></span> <span class='ocrx_word' id='word_1_273' title='bbox 847 3296 871 3344; x_wconf 94' lang='lat' dir='ltr'><em>A</em></span> <span class='ocrx_word' id='word_1_274' title='bbox 890 3293 901 3362; x_wconf 94' lang='grc' dir='ltr'>Η</span> <span class='ocrx_word' id='word_1_275' title='bbox 916 3299 950 3347; x_wconf 80' lang='grc'><strong>40</strong></span> <span class='ocrx_word' id='word_1_276' title='bbox 968 3297 1108 3352; x_wconf 81' lang='lat' dir='ltr'><strong>Scithiae</strong></span> 
     </span>
     <span class='ocr_line' id='line_1_38' title="bbox 187 3358 1110 3433; baseline 0.012 -26"><span class='ocrx_word' id='word_1_277' title='bbox 187 3358 339 3423; x_wconf 66' lang='lat' dir='ltr'><strong>eucarpo</strong></span> <span class='ocrx_word' id='word_1_278' title='bbox 357 3359 493 3409; x_wconf 84' lang='lat' dir='ltr'><strong>scithicae</strong></span> <span class='ocrx_word' id='word_1_279' title='bbox 511 3359 536 3408; x_wconf 89' lang='grc' dir='ltr'><em>Ε</em></span> <span class='ocrx_word' id='word_1_280' title='bbox 555 3359 700 3423; x_wconf 84' lang='lat' dir='ltr'><strong>Scythicae</strong></span> <span class='ocrx_word' id='word_1_281' title='bbox 720 3362 744 3410; x_wconf 91' lang='lat' dir='ltr'><em>A</em></span> <span class='ocrx_word' id='word_1_282' title='bbox 757 3360 768 3427; x_wconf 93' lang='grc' dir='ltr'>Η</span> <span class='ocrx_word' id='word_1_283' title='bbox 780 3365 812 3412; x_wconf 87' lang='grc'><strong>41</strong></span> <span class='ocrx_word' id='word_1_284' title='bbox 832 3365 928 3414; x_wconf 84' lang='lat' dir='ltr'><strong>ceneri</strong></span> <span class='ocrx_word' id='word_1_285' title='bbox 945 3365 971 3414; x_wconf 88' lang='grc' dir='ltr'><em>Ε</em></span> <span class='ocrx_word' id='word_1_286' title='bbox 983 3363 994 3433; x_wconf 96' lang='grc' dir='ltr'>Η</span> <span class='ocrx_word' id='word_1_287' title='bbox 1006 3368 1040 3418; x_wconf 83' lang='grc'><strong>45</strong></span> <span class='ocrx_word' id='word_1_288' title='bbox 1058 3369 1110 3418; x_wconf 91' lang='lat' dir='ltr'><strong>In·</strong></span> 
     </span>
    </p>
   </div>
   <div class='ocr_carea' id='block_1_4' title="bbox 187 3423 1108 3501">
    <p class='ocr_par' dir='ltr' id='par_1_8' title="bbox 187 3423 1108 3501">
     <span class='ocr_line' id='line_1_39' title="bbox 187 3423 1108 3501; baseline 0.018 -31"><span class='ocrx_word' id='word_1_289' title='bbox 187 3423 285 3488; x_wconf 82' lang='lat' dir='ltr'><strong>iraque</strong></span> <span class='ocrx_word' id='word_1_290' title='bbox 304 3443 325 3476; x_wconf 87' lang='grc' dir='ltr'><strong><em>ω</em></strong></span> <span class='ocrx_word' id='word_1_291' title='bbox 343 3427 481 3491; x_wconf 78' lang='lat' dir='ltr'><strong>Intraque</strong></span> <span class='ocrx_word' id='word_1_292' title='bbox 502 3427 579 3478; x_wconf 81' lang='lat' dir='ltr'><strong>Gron.</strong></span> <span class='ocrx_word' id='word_1_293' title='bbox 598 3426 610 3496; x_wconf 94' lang='grc' dir='ltr'>Η</span> <span class='ocrx_word' id='word_1_294' title='bbox 627 3431 660 3478; x_wconf 87' lang='grc'><strong>46</strong></span> <span class='ocrx_word' id='word_1_295' title='bbox 677 3428 781 3481; x_wconf 89' lang='lat' dir='ltr'><strong>defecit</strong></span> <span class='ocrx_word' id='word_1_296' title='bbox 798 3432 838 3481; x_wconf 84' lang='grc' dir='ltr'><strong>εΑ</strong></span> <span class='ocrx_word' id='word_1_297' title='bbox 862 3433 986 3484; x_wconf 84' lang='lat' dir='ltr'><strong>deseruit</strong></span> <span class='ocrx_word' id='word_1_298' title='bbox 1003 3435 1071 3487; x_wconf 70' lang='lat'><strong>1313</strong></span> <span class='ocrx_word' id='word_1_299' title='bbox 1094 3437 1108 3501; x_wconf 91' lang='grc' dir='ltr'>Η</span> 
     </span>
    </p>
   </div>
   <div class='ocr_carea' id='block_1_5' title="bbox 0 0 1250 3984">
    <p class='ocr_par' dir='ltr' id='par_1_9' title="bbox 0 0 1250 3984">
     <span class='ocr_line' id='line_1_40' title="bbox 0 0 1250 3984; baseline 0 1"><span class='ocrx_word' id='word_1_300' title='bbox 0 0 1250 3984; x_wconf 95' lang='lat' dir='ltr'><strong> </strong></span> 
     </span>
    </p>
   </div>
  </div>
 </body>
</html>
