2440 3966
181 135 245 200 432
569 147 713 195 menam

182 292 280 352 uictor
296 296 436 350 cruentus
452 286 559 349 abstuli
574 289 702 366 patriam
717 286 796 348 lares

182 374 315 452 nihilque
331 375 457 436 miserae
473 381 592 452 practer
607 371 731 432 Alciden
746 371 830 441 dedi,

183 470 213 521 et
227 461 282 520 iste
297 461 420 538 rapitur.
452 467 558 537 penset
572 475 730 518 aerumnas
746 473 830 524 suae,

183 545 262 606 louis
276 551 416 623 nepotem
432 545 531 604 ioneat
546 550 575 602 et
591 551 691 603 natum
707 539 853 602 Herculis.

183 630 237 690 tibi
251 628 300 689 illa
316 630 411 707 pariat
426 627 565 708 quicquid
581 646 618 688 ex
632 626 720 688 nubis
734 625 834 686 habet.

182 723 275 793 tuque
289 716 352 791 ipsa
368 713 504 792 planctus
519 730 598 790 pone
613 713 755 772 funereus
770 718 878 788 precor
1000 757 1002 760 .

184 819 201 859 u
217 816 287 860 cara
302 799 453 876 genetrix,
470 799 544 858 uiuit
558 795 675 858 Alcides
690 795 758 856 tibi:
877 788 899 803 ‘

183 885 293 944 uirtute
309 891 409 943 nostra
425 882 568 961 paelicem
584 883 641 943 ieci
657 888 738 941 tuam

184 967 265 1028 credi
281 985 451 1028 nouercam.
483 969 547 1028 sine
563 973 704 1027 nascente
718 963 848 1026 Hercule

184 1071 244 1113 nox
258 1051 306 1112 illa
323 1059 403 1113 certa
421 1053 542 1114 estsine
558 1050 692 1112 mortalis
707 1068 792 1110 mens

183 1144 268 1215 pater
284 1144 344 1206 est,
361 1136 429 1197 licet
445 1137 482 1197 sit
497 1136 744 1214 ialsaprngenies
759 1135 832 1205 mei,

185 1230 318 1281 materna
336 1220 421 1299 culpa
438 1229 533 1283 cesset
548 1228 577 1281 et
591 1223 706 1283 crimen
722 1221 815 1281 louis:

185 1307 282 1366 merui
297 1313 467 1385 parentem:
492 1305 602 1366 contuli
619 1304 701 1365 caelo
718 1305 818 1365 decus.

185 1397 291 1450 natura
306 1409 354 1451 me
370 1392 507 1468 concepit
521 1392 552 1452 in
568 1389 670 1451 laudes
684 1390 772 1450 leuis.

185 1476 255 1554 quin
271 1477 335 1554 ipse
351 1493 530 1554 quamquam
544 1476 679 1553 luppiter
695 1474 778 1535 credi
793 1489 878 1534 mens

183 1567 268 1638 pater
284 1577 348 1620 esse
363 1559 481 1637 gaudet.
509 1578 599 1637 parce
615 1560 672 1620 iam
688 1557 817 1619 lacrimis
833 1575 956 1635 parens:

185 1643 315 1722 superba
330 1652 439 1705 matres
454 1647 531 1705 inter
546 1643 692 1722 argolicas
708 1645 777 1704 eris.

185 1727 256 1806 quid
272 1728 330 1789 tale
345 1729 419 1790 luno
434 1730 556 1807 genuit?
579 1729 744 1790 aetherium
759 1745 865 1806 gerens

186 1822 336 1890 sceptrum
354 1821 383 1873 et
399 1815 512 1874 tonanti
528 1822 619 1891 nupta
636 1812 755 1874 mortali
771 1820 870 1874 tamen

186 1896 300 1959 caelum
316 1905 421 1958 tenens
436 1898 558 1958 inuidit:
581 1896 704 1959 Alciden
720 1915 806 1957 suum

186 1983 243 2044 dici
259 2000 323 2044 esse
338 1982 442 2043 noluit.
473 2000 584 2061 perage
598 1999 678 2043 nunc
693 1983 780 2043 Titan
796 1982 876 2043 uices

185 2066 266 2128 solus
281 2065 416 2127 relictus:
439 2065 489 2128 ille
505 2070 556 2146 qui
571 2075 672 2128 uester
688 2084 788 2128 cernes

185 2151 296 2229 ubique
311 2153 424 2212 ineram
432 2199 446 2222 ,,
459 2159 569 2212 tartara
585 2160 615 2212 et
630 2169 733 2212 manes
748 2161 827 2230 peto.

185 2236 263 2296 hanc
279 2243 376 2296 tamen
392 2235 428 2296 ad
444 2237 519 2298 imos
534 2238 684 2314 perferam
698 2235 817 2297 landem
832 2234 989 2311 inclutam,

254 2424 320 2473 1496
343 2421 426 2472 HER.
445 2421 470 2470 E
493 2438 539 2474 nm.
558 2423 583 2474 A
607 2419 619 2489 Η
641 2422 763 2487 patriam
784 2420 858 2472 lares
883 2421 949 2472 ε11Ε
978 2421 1072 2487 patrio
1092 2437 1109 2471 c
1202 2445 1203 2448 ¹

185 2491 244 2540 lare
264 2491 289 2540 A
313 2506 330 2540 a
349 2490 441 2555 patrio
460 2490 546 2540 extuli
564 2490 625 2541 lare
642 2491 666 2540 R
685 2487 697 2557 Η
721 2491 786 2540 1498
805 2490 842 2539 Et
860 2489 923 2554 ipsa
940 2490 966 2539 E
989 2490 1028 2538 Et
1047 2490 1108 2555 ipse

186 2563 220 2610 ‘m
239 2575 262 2607 u.
281 2561 310 2606 t’
328 2559 401 2608 Delr.
420 2559 456 2608 Et
474 2558 527 2608 iste
545 2560 571 2608 A
590 2554 602 2624 Η
623 2563 691 2608 tues
709 2557 785 2606 NHs.
846 2560 910 2610 1501
931 2557 1065 2608 funereos
1085 2557 1110 2606 Ε
1201 2609 1202 2623 Η

149 2667 153 2674 .
187 2621 458 2692 funebresAll1502
476 2626 616 2676 clarasA
636 2625 797 2676 ceraNHc.
835 2626 945 2677 uiuitE
962 2623 1110 2690 uiuetAll

184 2693 239 2743 tibi
256 2693 282 2742 E
301 2697 364 2743 tuus
383 2695 408 2744 A
428 2690 440 2759 Η
461 2695 526 2744 1503
545 2695 637 2744 nostra
655 2694 681 2743 Ε
698 2698 794 2743 nostra
812 2693 837 2742 A
854 2689 865 2758 Η
887 2694 953 2744 1504
971 2697 1111 2744 nascente

185 2760 297 2810 hercule
314 2761 340 2812 Ε
362 2766 498 2811 nascente
517 2762 640 2813 Hercule
659 2763 684 2811 A
702 2757 714 2826 Η
732 2763 797 2811 1505
820 2760 880 2811 Nox
899 2762 951 2812 εΑ
976 2761 1040 2811 Non
1057 2769 1084 2825 ψ
1101 2759 1110 2824 Η
1200 2759 1201 2789 l

186 2830 253 2880 1506
271 2831 326 2878 mei
343 2829 401 2880 ER
418 2829 485 2878 mihi
500 2831 526 2879 A
549 2825 562 2896 Η
584 2831 650 2879 1507
670 2829 743 2878 abest
760 2827 787 2878 Ε
808 2825 821 2893 Η
844 2831 911 2881 1508
930 2831 997 2880 1509
1017 2831 1112 2880 &emat

188 2897 210 2947 6
219 2912 237 2961 p
259 2892 271 2963 Η
295 2898 361 2948 1510
380 2912 460 2962 quam
479 2897 505 2946 Ε
523 2904 728 2962 quemquamne
753 2911 861 2961 quaque
879 2898 905 2947 A
929 2912 1041 2961 quoqne
1060 2897 1086 2948 R
1103 2893 1112 2962 Η

187 2966 251 3014 1511
271 2965 394 3014 lacrimis
412 2979 514 3029 parens
533 2964 559 3014 Ε
567 2965 608 3014 an
618 2966 640 3015 R
658 2965 783 3014 lattrimis
796 2966 864 3015 meis
884 2966 909 3014 A
921 2959 933 3030 Η
947 2966 1014 3016 1513
1035 2965 1112 3028 Quid
1198 3019 1199 3022 Ἴ

186 3032 244 3082 tale
256 3034 320 3082 iuno
333 3034 429 3097 genuit
441 3033 467 3082 Ε
485 3034 518 3095 Q.
530 3037 549 3081 t.
569 3033 668 3097 genuit
685 3033 795 3097 peperit
813 3033 869 3095 (om.
883 3031 959 3096 iuno)
978 3033 1021 3082 11Ε
1039 3033 1075 3094 Q.
1092 3037 1111 3084 t.

184 3101 254 3150 Iuno
266 3101 376 3165 peperit
388 3101 414 3149 A
426 3096 437 3165 Η
452 3101 516 3150 1516
534 3099 600 3149 Dici
612 3116 673 3151 esse
686 3117 707 3150 ω
726 3099 800 3162 Dici,
815 3115 876 3150 esse
890 3100 940 3151 Bo.
955 3101 1022 3150 Diei
1034 3101 1112 3165 ipse

185 3170 228 3217 uel
238 3168 305 3218 Dici
318 3183 398 3218 ecce
412 3168 489 3222 NHs.
503 3170 560 3232 ipse
572 3168 695 3218 Dixisse
708 3173 874 3227 coniecerant,
887 3170 936 3219 sed
945 3170 998 3218 uid.
1011 3169 1112 3219 Teren-

186 3238 236 3284 tius
247 3236 344 3286 Heaut.
356 3253 381 3288 u.
396 3239 445 3285 106
462 3237 522 3302 Ego
535 3240 563 3286 te
576 3252 666 3286 meum
686 3251 764 3286 esse
784 3237 854 3285 diei
872 3237 1011 3301 tantisper
1029 3235 1114 3287 uolo

187 3309 212 3352 et
231 3304 319 3352 u.270
338 3318 407 3353 anus
430 3305 508 3366 Quae
532 3308 575 3353 est
598 3303 692 3353 dicta
711 3308 800 3354 mater
822 3318 898 3354 esse
923 3304 949 3354 ei
973 3304 1115 3365 antehac,

186 3371 322 3423 nonfuit.
343 3367 355 3435 Η
376 3373 442 3421 1516
462 3374 526 3423 1517
545 3374 683 3422 contentari
699 3372 722 3421 R
741 3368 753 3436 Η
775 3374 839 3422 1517
857 3375 953 3421 noster
970 3372 994 3421 R
1008 3372 1056 3422 Mo
1081 3412 1087 3423 .
1108 3368 1118 3436 Η

188 3434 310 3485 relictas
329 3437 405 3488 NHs.
419 3435 431 3503 Η
445 3441 509 3490 1518
527 3439 699 3503 Vbicumque
718 3436 764 3506 ΙίΗ
777 3442 842 3490 1519
860 3439 986 3490 indutam
1005 3439 1032 3490 Ε
1056 3389 1078 3506 Η
