2516 3998
503 242 702 291 PRAEFATIO
988 243 1072 292 vnn

131 403 252 459 siderent
277 411 308 458 ut
329 401 480 459 consimilis
505 395 570 457 artis
598 419 681 476 opera
709 419 768 457 curu
791 404 916 476 genuinis
944 403 1076 459 uidentur

130 487 289 544 coniunctae
306 502 374 542 esse.
410 485 487 554 Quod
503 487 610 561 quidem
632 504 664 543 eo
680 494 806 560 tempore
826 487 927 543 lactum
950 505 1010 544 esse
1027 505 1074 543 su·

130 573 283 644 spicamur,
305 587 360 645 quo
376 587 465 644 neque
483 573 649 644 tragicorum
665 587 825 644 graecorum
841 571 931 628 studia
946 573 1072 628 euanuis·

130 664 189 712 sent
205 673 254 712 nec
265 655 514 713 Frontonianorum
529 655 675 712 sedulitate
690 658 777 730 ipsius
789 654 907 712 Senecae
922 658 1073 713 auctoritas

128 741 242 797 infracta
264 749 345 796 esset.
389 741 453 797 Nam
476 743 534 798 eius
556 740 708 815 exemplum
731 748 900 815 quantopere
920 757 981 797 cum
1003 742 1073 813 Aga·

128 825 281 882 memnonis
303 833 358 881 turn
382 829 496 883 maxime
516 825 640 882 Herculis
670 833 766 882 auctor
786 826 819 881 ad
840 825 1000 882 imitandum
1021 823 1074 881 sibi

125 911 304 984 proposuerit
318 925 352 966 nc
366 911 465 968 leuiter
480 910 589 988 quidem
604 911 755 967 intuentem
771 911 868 983 lugiet.

191 995 289 1050 Earum
316 994 466 1052 fabularum
494 994 605 1051 alteram
628 999 713 1052 anteit
735 1002 762 1052 et
784 1003 907 1070 tempore
935 1003 961 1051 et
981 997 1075 1068 pretio

127 1081 309 1152 Agamemno,
333 1097 412 1153 quam
431 1081 597 1154 tragoediam
613 1081 699 1154 isqui
716 1080 858 1136 Herculem
874 1079 991 1136 alterum
1008 1080 1074 1135 scri·

127 1166 183 1238 psit
205 1172 269 1219 ante
291 1164 385 1220 oculos
406 1165 499 1221 habuit
521 1173 549 1221 et
569 1166 596 1220 in
612 1165 706 1220 multis
726 1173 769 1220 est
789 1162 957 1236 imitatus*).
1002 1165 1072 1236 Aga·

128 1249 281 1304 memnonis
297 1259 392 1304 auctor
407 1258 518 1323 praeter
528 1250 664 1323 Thyesten
678 1249 795 1305 Senecae
810 1249 974 1323 Aeschylum
991 1265 1075 1322 quem

128 1332 174 1388 ille
190 1340 346 1406 spreuerat‚
369 1335 396 1389 in
412 1334 494 1390 rebus
511 1335 655 1390 tractandis
671 1335 767 1390 ducem
783 1334 833 1390 sibi
850 1333 946 1407 elegit,
967 1335 995 1388 iu
1013 1350 1076 1389 sen·

129 1417 220 1472 tentiis
247 1417 396 1490 uerbisque
423 1419 456 1475 ab
483 1419 603 1492 Vergilio
624 1401 791 1492 Horatioqud
819 1419 918 1492 quibus
945 1417 1074 1474 Ouidium

127 1519 206 1557 suum
222 1501 361 1574 praeferre
377 1506 523 1560 consueuit
537 1504 734 1578 philosophus,
759 1520 814 1558 nou
829 1520 914 1576 pauca
932 1511 1074 1560 mutuatus

127 1593 179 1642 est.
204 1587 234 1641 ln
250 1586 415 1644 carminibus
431 1605 499 1644 uero
515 1589 663 1644 condendis
679 1605 740 1644 eum
755 1604 810 1643 non
827 1589 1000 1660 acquieuisse
1014 1588 1072 1644 sor-

125 1672 177 1726 mis
200 1671 315 1727 Senecae
341 1671 386 1727 uel
404 1677 499 1745 potius
526 1675 585 1732 eius
606 1670 765 1745 aequalibus
786 1673 916 1727 adamatis
938 1673 1075 1728 cauticum

125 1755 195 1810 illud
217 1755 336 1810 ostendit
350 1773 382 1810 ea
398 1756 577 1812 dimetrorum
592 1764 620 1811 et
635 1763 868 1811 monometrorum
887 1757 1073 1828 anapaestico·

124 1856 185 1895 rum
204 1841 349 1913 quinquies
360 1841 521 1904 iteratorum
536 1841 658 1914 strophis
672 1842 846 1914 conpositum
858 1857 884 1894 u.
894 1839 1072 1897 311-408.

126 1919 290 1980 llouendum
307 1925 425 1998 denique
440 1925 522 1980 buius
539 1942 650 1999 quoque
666 1925 822 1998 tragoediae
837 1941 892 1980 non
904 1924 1075 1999 perpolitum

126 2016 155 2062 et
176 2008 284 2082 publice
300 2010 401 2065 editum
425 2009 561 2083 exemplar
577 2009 695 2066 Senecae
717 2009 823 2066 schedis
844 2010 979 2066 adiectum
1002 2025 1071 2072 esse,

126 2092 174 2148 sed
194 2093 305 2166 plenum
327 2092 418 2149 lituris
442 2093 474 2149 ab
496 2095 617 2150 auctoris
637 2111 717 2150 manu
739 2094 833 2156 lactis,
860 2094 886 2149 id
909 2093 981 2167 quod
1003 2095 1074 2150 mira

124 2177 205 2233 docet
228 2180 382 2252 scripturae
396 2179 541 2234 diuersitas
558 2195 626 2252 quae
647 2182 769 2235 cernitur
790 2178 815 2233 in
833 2179 938 2234 cantico
959 2179 1007 2234 illo
1023 2181 1073 2234 mi·

125 2262 239 2318 semime
261 2263 412 2318 deformato
440 2280 468 2318 u.
492 2262 683 2333 ead-924„
712 2264 785 2319 ldem
807 2264 879 2337 quod
902 2264 935 2319 de
956 2263 1076 2320 Hercule

125 2345 211 2402 altero
228 2346 394 2403 affirmemus
409 2347 482 2402 nulla
499 2356 540 2403 est
555 2349 705 2421 probabilis
721 2365 823 2403 caussa.

188 2431 240 2486 lam
263 2449 330 2488 uero
352 2447 451 2487 nouem
473 2432 535 2488 illae
556 2431 601 2488 uel
616 2435 710 2506 potius
733 2434 823 2508 decem
840 2433 995 2503 tragoediae
1017 2442 1075 2488 tra·

125 2515 341 2589 goediarumque
362 2517 512 2588 fragmenta
529 2519 687 2589 priusquam
705 2516 939 2578 describerentur,
963 2517 1074 2572 chartae

123 2599 243 2673 plurium
271 2616 462 2674 possessorum
490 2600 615 2655 manibus
645 2601 798 2656 conmissae
824 2600 922 2654 uarias
944 2609 1075 2674 expertae

124 2693 188 2740 sunt
210 2685 294 2740 uices.
330 2684 451 2753 Quorum
469 2685 565 2740 studiis
581 2686 697 2758 poeticis
712 2692 739 2740 et
755 2685 938 2759 grammaticis
955 2701 1015 2742 cum
1031 2688 1071 2741 in·

124 2771 274 2832 seruirent,
297 2786 351 2825 nou
367 2763 465 2825 mirum
481 2769 553 2843 quod
576 2777 604 2826 et
618 2770 695 2826 locos
711 2771 770 2826 siue
792 2785 824 2824 ex
845 2769 959 2825 aliorum
975 2780 1069 2844 poeta-

122 2871 182 2909 rum
205 2853 282 2910 libris
299 2855 358 2909 siue
382 2870 412 2908 er
440 2855 509 2927 ipsis
530 2855 680 2928 tragoediis
703 2853 827 2910 sublatos
849 2861 875 2909 et
896 2854 964 2909 uarii
988 2871 1075 2927 gene·

121 2939 162 2993 ris
189 2941 433 3013 interpretamenta
456 2955 677 3012 nonnumquam
704 2948 790 2994 metro
818 2947 948 3011 concepta
971 2954 1075 2995 uersus-

120 3021 240 3096 denique
261 3023 293 3078 ad
316 3025 436 3080 auctoris
463 3024 614 3096 exemplum
635 3023 768 3080 formatos
790 3022 889 3096 quibus
911 3021 1074 3080 dilataretur
1156 3029 1159 3032 ’

23 3107 25 3192 l
121 3108 225 3171 oratio,
254 3108 287 3163 ad
307 3108 457 3179 marginem
481 3107 643 3164 adlinebaut.
690 3109 828 3182 deprimi
857 3108 963 3180 quidem
987 3124 1073 3180 gene·

120 3191 162 3246 ris
182 3191 429 3248 additamentorum
445 3201 477 3248 nt
499 3193 619 3267 exempla
636 3193 741 3266 aliquot
757 3192 937 3254 subiciamus,
959 3193 991 3247 ad
1007 3191 1076 3248 Pu-

23 3353 25 3372 Ι
119 3275 264 3333 blilium
292 3277 412 3351 Syrum
442 3272 603 3333 referendus
631 3286 673 3333 est
700 3277 801 3334 11332
831 3275 878 3331 ubi
907 3276 940 3330 cl.
968 3285 1071 3340 notam,

189 3404 214 3471 *)
227 3409 269 3456 Ex
282 3408 336 3456 hac
349 3375 445 3459 sabula
455 3408 572 3472 plurima
584 3409 760 3472 desumpsere
772 3406 976 3457 elClaudianus
990 3423 1070 3473 quem

120 3473 269 3524 Octauiam
284 3490 390 3540 quoque
407 3481 471 3525 ante
486 3476 580 3526 oculos
592 3475 723 3525 habuisse
740 3474 902 3524 uerisimile
921 3480 964 3525 est
985 3476 1074 3539 etqui

119 3543 180 3592 eius
195 3543 322 3607 aequalis
336 3543 388 3592 luit
402 3548 498 3593 auctor
511 3543 641 3592 carminis
654 3544 687 3592 de
700 3541 827 3590 laudibus
841 3542 978 3592 Herculis.
