<?xml version="1.0" encoding="UTF-8"?>
<!DOCTYPE html PUBLIC "-//W3C//DTD XHTML 1.0 Transitional//EN"
    "http://www.w3.org/TR/xhtml1/DTD/xhtml1-transitional.dtd">
<html xmlns="http://www.w3.org/1999/xhtml" xml:lang="en" lang="en">
 <head>
  <title>
</title>
<meta http-equiv="Content-Type" content="text/html;charset=utf-8" />
  <meta name='ocr-system' content='tesseract 3.04.00' />
  <meta name='ocr-capabilities' content='ocr_page ocr_carea ocr_par ocr_line ocrx_word'/>
</head>
<body>
  <div class='ocr_page' id='page_1' title='image "./lannaeisenecaet06senegoog_0439.png"; bbox 0 0 2490 3984; ppageno 0'>
   <div class='ocr_carea' id='block_1_1' title="bbox 128 191 705 256">
    <p class='ocr_par' dir='ltr' id='par_1_1' title="bbox 128 191 705 256">
     <span class='ocr_line' id='line_1_1' title="bbox 128 191 705 256; baseline -0.002 -2"><span class='ocrx_word' id='word_1_1' title='bbox 128 248 132 254; x_wconf 89' lang='lat'>.</span> <span class='ocrx_word' id='word_1_2' title='bbox 172 191 238 256; x_wconf 83' lang='lat'>386</span> <span class='ocrx_word' id='word_1_3' title='bbox 429 223 433 227; x_wconf 94' lang='lat'>·</span> <span class='ocrx_word' id='word_1_4' title='bbox 562 205 705 253; x_wconf 80' lang='lat' dir='ltr'>monem</span> 
     </span>
    </p>
   </div>
   <div class='ocr_carea' id='block_1_2' title="bbox 91 333 1167 2114">
    <p class='ocr_par' dir='ltr' id='par_1_2' title="bbox 175 333 804 425">
     <span class='ocr_line' id='line_1_2' title="bbox 175 333 804 425; baseline 0 -19"><span class='ocrx_word' id='word_1_5' title='bbox 175 345 309 425; x_wconf 76' lang='lat' dir='ltr'><strong>nihilque</strong></span> <span class='ocrx_word' id='word_1_6' title='bbox 323 343 404 422; x_wconf 85' lang='lat' dir='ltr'>leges</span> <span class='ocrx_word' id='word_1_7' title='bbox 420 344 455 405; x_wconf 86' lang='lat' dir='ltr'>ad</span> <span class='ocrx_word' id='word_1_8' title='bbox 471 333 554 406; x_wconf 83' lang='lat' dir='ltr'>meo&#39;s</span> <span class='ocrx_word' id='word_1_9' title='bbox 569 352 672 408; x_wconf 86' lang='lat' dir='ltr'>cantus</span> <span class='ocrx_word' id='word_1_10' title='bbox 687 353 804 406; x_wconf 89' lang='lat' dir='ltr'>tenent:</span> 
     </span>
    </p>

    <p class='ocr_par' dir='ltr' id='par_1_3' title="bbox 175 428 909 498">
     <span class='ocr_line' id='line_1_3' title="bbox 175 428 909 498; baseline 0.001 -7"><span class='ocrx_word' id='word_1_11' title='bbox 175 431 377 491; x_wconf 78' lang='lat' dir='ltr'><strong>flectemus</strong></span> <span class='ocrx_word' id='word_1_12' title='bbox 391 428 513 498; x_wconf 82' lang='lat' dir='ltr'>illum,</span> <span class='ocrx_word' id='word_1_13' title='bbox 530 431 660 490; x_wconf 86' lang='lat' dir='ltr'>carmina</span> <span class='ocrx_word' id='word_1_14' title='bbox 675 430 829 491; x_wconf 88' lang='lat' dir='ltr'>inuenient</span> <span class='ocrx_word' id='word_1_15' title='bbox 843 433 909 492; x_wconf 87' lang='lat' dir='ltr'>iter.</span> 
     </span>
    </p>

    <p class='ocr_par' dir='ltr' id='par_1_4' title="bbox 174 513 1076 594">
     <span class='ocr_line' id='line_1_4' title="bbox 174 513 1076 594; baseline 0.007 -20"><span class='ocrx_word' id='word_1_16' title='bbox 174 528 294 574; x_wconf 80' lang='lat' dir='ltr'>nntnn.</span> <span class='ocrx_word' id='word_1_17' title='bbox 312 531 385 594; x_wconf 90' lang='lat' dir='ltr'>quas</span> <span class='ocrx_word' id='word_1_18' title='bbox 396 513 509 574; x_wconf 81' lang='lat' dir='ltr'><strong>Pontus</strong></span> <span class='ocrx_word' id='word_1_19' title='bbox 523 513 632 575; x_wconf 90' lang='lat' dir='ltr'>herbas</span> <span class='ocrx_word' id='word_1_20' title='bbox 648 522 772 592; x_wconf 81' lang='lat' dir='ltr'>generat</span> <span class='ocrx_word' id='word_1_21' title='bbox 788 524 839 576; x_wconf 89' lang='lat' dir='ltr'>aut</span> <span class='ocrx_word' id='word_1_22' title='bbox 855 534 931 594; x_wconf 86' lang='lat' dir='ltr'>qnae</span> <span class='ocrx_word' id='word_1_23' title='bbox 945 517 1076 580; x_wconf 73' lang='lat' dir='ltr'>thessalo</span> 
     </span>
    </p>

    <p class='ocr_par' dir='ltr' id='par_1_5' title="bbox 176 594 979 678">
     <span class='ocr_line' id='line_1_5' title="bbox 176 594 979 678; baseline 0 -18"><span class='ocrx_word' id='word_1_24' title='bbox 176 599 231 661; x_wconf 90' lang='lat' dir='ltr'>sub</span> <span class='ocrx_word' id='word_1_25' title='bbox 247 617 322 678; x_wconf 90' lang='lat' dir='ltr'>rupe</span> <span class='ocrx_word' id='word_1_26' title='bbox 337 598 449 659; x_wconf 87' lang='lat' dir='ltr'>Pindus</span> <span class='ocrx_word' id='word_1_27' title='bbox 465 597 532 659; x_wconf 89' lang='lat' dir='ltr'>alit:</span> <span class='ocrx_word' id='word_1_28' title='bbox 555 597 606 658; x_wconf 90' lang='lat' dir='ltr'>uhi</span> <span class='ocrx_word' id='word_1_29' title='bbox 622 599 772 660; x_wconf 89' lang='lat' dir='ltr'>inueniam</span> <span class='ocrx_word' id='word_1_30' title='bbox 788 598 896 661; x_wconf 88' lang='lat' dir='ltr'>malum</span> <span class='ocrx_word' id='word_1_31' title='bbox 976 594 979 600; x_wconf 79' lang='grc'><strong>’</strong></span> 
     </span>
    </p>

    <p class='ocr_par' dir='ltr' id='par_1_6' title="bbox 177 680 1161 762">
     <span class='ocr_line' id='line_1_6' title="bbox 177 680 1161 762; baseline 0.004 -17"><span class='ocrx_word' id='word_1_32' title='bbox 177 685 224 745; x_wconf 88' lang='lat' dir='ltr'>cui</span> <span class='ocrx_word' id='word_1_33' title='bbox 239 684 325 744; x_wconf 88' lang='lat' dir='ltr'>cedat</span> <span class='ocrx_word' id='word_1_34' title='bbox 339 680 409 743; x_wconf 82' lang='lat' dir='ltr'>illei</span> <span class='ocrx_word' id='word_1_35' title='bbox 432 684 565 743; x_wconf 80' lang='lat' dir='ltr'>carmine</span> <span class='ocrx_word' id='word_1_36' title='bbox 579 683 610 744; x_wconf 90' lang='lat' dir='ltr'>in</span> <span class='ocrx_word' id='word_1_37' title='bbox 626 691 722 744; x_wconf 86' lang='lat' dir='ltr'>terras</span> <span class='ocrx_word' id='word_1_38' title='bbox 736 701 824 762; x_wconf 84' lang='lat' dir='ltr'>mago</span> <span class='ocrx_word' id='word_1_39' title='bbox 1111 700 1161 749; x_wconf 81' lang='lat' dir='ltr'>tto</span> 
     </span>
    </p>

    <p class='ocr_par' dir='ltr' id='par_1_7' title="bbox 176 765 747 830">
     <span class='ocr_line' id='line_1_7' title="bbox 176 765 747 830; baseline -0.004 0"><span class='ocrx_word' id='word_1_40' title='bbox 176 766 336 830; x_wconf 76' lang='lat' dir='ltr'>descendat</span> <span class='ocrx_word' id='word_1_41' title='bbox 351 768 437 827; x_wconf 89' lang='lat' dir='ltr'>astris</span> <span class='ocrx_word' id='word_1_42' title='bbox 453 765 520 828; x_wconf 89' lang='lat' dir='ltr'>luna</span> <span class='ocrx_word' id='word_1_43' title='bbox 537 767 663 828; x_wconf 77' lang='lat' dir='ltr'><strong>desertis</strong></span> <span class='ocrx_word' id='word_1_44' title='bbox 678 767 747 828; x_wconf 88' lang='lat' dir='ltr'>licet</span> 
     </span>
    </p>

    <p class='ocr_par' dir='ltr' id='par_1_8' title="bbox 176 851 819 931">
     <span class='ocr_line' id='line_1_8' title="bbox 176 851 819 931; baseline 0.002 -19"><span class='ocrx_word' id='word_1_45' title='bbox 176 860 205 913; x_wconf 89' lang='lat' dir='ltr'>et</span> <span class='ocrx_word' id='word_1_46' title='bbox 219 851 325 913; x_wconf 90' lang='lat' dir='ltr'>bruma</span> <span class='ocrx_word' id='word_1_47' title='bbox 342 869 453 912; x_wconf 90' lang='lat' dir='ltr'>messes</span> <span class='ocrx_word' id='word_1_48' title='bbox 469 851 568 912; x_wconf 88' lang='lat' dir='ltr'>uideat</span> <span class='ocrx_word' id='word_1_49' title='bbox 583 859 613 912; x_wconf 92' lang='lat' dir='ltr'>et</span> <span class='ocrx_word' id='word_1_50' title='bbox 627 858 715 913; x_wconf 90' lang='lat' dir='ltr'>cantu</span> <span class='ocrx_word' id='word_1_51' title='bbox 730 853 819 931; x_wconf 80' lang='lat' dir='ltr'>ingen</span> 
     </span>
    </p>

    <p class='ocr_par' dir='ltr' id='par_1_9' title="bbox 174 934 823 1016">
     <span class='ocr_line' id='line_1_9' title="bbox 174 934 823 1016; baseline 0 -18"><span class='ocrx_word' id='word_1_52' title='bbox 174 943 232 998; x_wconf 88' lang='lat' dir='ltr'>stet</span> <span class='ocrx_word' id='word_1_53' title='bbox 247 935 464 1016; x_wconf 85' lang='lat' dir='ltr'>deprehensum</span> <span class='ocrx_word' id='word_1_54' title='bbox 482 934 593 998; x_wconf 82' lang='lat' dir='ltr'>tulmen</span> <span class='ocrx_word' id='word_1_55' title='bbox 610 943 639 997; x_wconf 89' lang='lat' dir='ltr'>et</span> <span class='ocrx_word' id='word_1_56' title='bbox 653 954 740 997; x_wconf 90' lang='lat' dir='ltr'>uersa</span> <span class='ocrx_word' id='word_1_57' title='bbox 756 938 823 998; x_wconf 90' lang='lat' dir='ltr'>uice</span> 
     </span>
    </p>

    <p class='ocr_par' dir='ltr' id='par_1_10' title="bbox 174 1019 742 1082">
     <span class='ocr_line' id='line_1_10' title="bbox 174 1019 742 1082; baseline 0 -1"><span class='ocrx_word' id='word_1_58' title='bbox 174 1021 289 1082; x_wconf 83' lang='lat' dir='ltr'>medius</span> <span class='ocrx_word' id='word_1_59' title='bbox 305 1022 414 1082; x_wconf 77' lang='lat' dir='ltr'>coactis</span> <span class='ocrx_word' id='word_1_60' title='bbox 429 1020 544 1082; x_wconf 85' lang='lat' dir='ltr'>ierueat</span> <span class='ocrx_word' id='word_1_61' title='bbox 558 1019 649 1082; x_wconf 85' lang='lat' dir='ltr'>stellis</span> <span class='ocrx_word' id='word_1_62' title='bbox 666 1021 742 1082; x_wconf 89' lang='lat' dir='ltr'>dies:</span> 
     </span>
    </p>

    <p class='ocr_par' dir='ltr' id='par_1_11' title="bbox 174 1104 529 1167">
     <span class='ocr_line' id='line_1_11' title="bbox 174 1104 529 1167; baseline 0 -1"><span class='ocrx_word' id='word_1_63' title='bbox 174 1104 529 1167; x_wconf 82' lang='lat' dir='ltr'>nonsleotetillum.</span> 
     </span>
    </p>

    <p class='ocr_par' dir='ltr' id='par_1_12' title="bbox 171 1190 907 1267">
     <span class='ocr_line' id='line_1_12' title="bbox 171 1190 907 1267; baseline 0.001 -16"><span class='ocrx_word' id='word_1_64' title='bbox 171 1203 275 1251; x_wconf 74' lang='lat' dir='ltr'>nvrn.</span> <span class='ocrx_word' id='word_1_65' title='bbox 544 1190 616 1250; x_wconf 89' lang='lat' dir='ltr'>uicit</span> <span class='ocrx_word' id='word_1_66' title='bbox 630 1197 659 1250; x_wconf 90' lang='lat' dir='ltr'>et</span> <span class='ocrx_word' id='word_1_67' title='bbox 674 1207 798 1267; x_wconf 89' lang='lat' dir='ltr'>superos</span> <span class='ocrx_word' id='word_1_68' title='bbox 813 1209 907 1252; x_wconf 77' lang='lat' dir='ltr'>antor.</span> 
     </span>
    </p>

    <p class='ocr_par' dir='ltr' id='par_1_13' title="bbox 174 1273 915 1354">
     <span class='ocr_line' id='line_1_13' title="bbox 174 1273 915 1354; baseline 0.001 -20"><span class='ocrx_word' id='word_1_69' title='bbox 174 1287 293 1335; x_wconf 73' lang='lat' dir='ltr'>nnttn.</span> <span class='ocrx_word' id='word_1_70' title='bbox 311 1275 448 1335; x_wconf 89' lang='lat' dir='ltr'>uincetur</span> <span class='ocrx_word' id='word_1_71' title='bbox 463 1275 514 1334; x_wconf 91' lang='lat' dir='ltr'>uni</span> <span class='ocrx_word' id='word_1_72' title='bbox 529 1275 631 1334; x_wconf 78' lang='lat' dir='ltr'>forsan</span> <span class='ocrx_word' id='word_1_73' title='bbox 646 1281 675 1334; x_wconf 86' lang='lat' dir='ltr'>ot</span> <span class='ocrx_word' id='word_1_74' title='bbox 689 1273 817 1354; x_wconf 77' lang='lat' dir='ltr'>spolium</span> <span class='ocrx_word' id='word_1_75' title='bbox 834 1275 915 1337; x_wconf 88' lang='lat' dir='ltr'>dabit</span> 
     </span>
    </p>

    <p class='ocr_par' dir='ltr' id='par_1_14' title="bbox 174 1358 771 1437">
     <span class='ocr_line' id='line_1_14' title="bbox 174 1358 771 1437; baseline 0.002 -18"><span class='ocrx_word' id='word_1_76' title='bbox 174 1376 316 1437; x_wconf 86' lang='lat' dir='ltr'>amorque</span> <span class='ocrx_word' id='word_1_77' title='bbox 332 1376 465 1420; x_wconf 88' lang='lat' dir='ltr'>summus</span> <span class='ocrx_word' id='word_1_78' title='bbox 479 1359 530 1419; x_wconf 87' lang='lat' dir='ltr'>fiet</span> <span class='ocrx_word' id='word_1_79' title='bbox 545 1358 664 1420; x_wconf 77' lang='lat' dir='ltr'>Aloidae</span> <span class='ocrx_word' id='word_1_80' title='bbox 676 1358 771 1420; x_wconf 84' lang='lat' dir='ltr'>labor.</span> 
     </span>
    </p>

    <p class='ocr_par' dir='ltr' id='par_1_15' title="bbox 174 1442 861 1523">
     <span class='ocr_line' id='line_1_15' title="bbox 174 1442 861 1523; baseline 0.006 -21"><span class='ocrx_word' id='word_1_81' title='bbox 174 1443 225 1504; x_wconf 92' lang='lat' dir='ltr'>sed</span> <span class='ocrx_word' id='word_1_82' title='bbox 241 1449 271 1502; x_wconf 90' lang='lat' dir='ltr'>te</span> <span class='ocrx_word' id='word_1_83' title='bbox 287 1461 341 1521; x_wconf 90' lang='lat' dir='ltr'>per</span> <span class='ocrx_word' id='word_1_84' title='bbox 357 1461 445 1504; x_wconf 93' lang='lat' dir='ltr'>omne</span> <span class='ocrx_word' id='word_1_85' title='bbox 460 1442 596 1504; x_wconf 85' lang='lat' dir='ltr'>caelitum</span> <span class='ocrx_word' id='word_1_86' title='bbox 610 1461 722 1504; x_wconf 89' lang='lat' dir='ltr'>numen</span> <span class='ocrx_word' id='word_1_87' title='bbox 738 1463 861 1523; x_wconf 82' lang='lat' dir='ltr'>precor,</span> 
     </span>
    </p>

    <p class='ocr_par' dir='ltr' id='par_1_16' title="bbox 173 1526 898 1608">
     <span class='ocr_line' id='line_1_16' title="bbox 173 1526 898 1608; baseline 0.003 -20"><span class='ocrx_word' id='word_1_88' title='bbox 173 1546 228 1608; x_wconf 86' lang='lat' dir='ltr'>per</span> <span class='ocrx_word' id='word_1_89' title='bbox 243 1527 324 1588; x_wconf 89' lang='lat' dir='ltr'>hunc</span> <span class='ocrx_word' id='word_1_90' title='bbox 340 1529 491 1589; x_wconf 87' lang='lat' dir='ltr'>timorem:</span> <span class='ocrx_word' id='word_1_91' title='bbox 514 1526 654 1608; x_wconf 89' lang='lat' dir='ltr'>quicquid</span> <span class='ocrx_word' id='word_1_92' title='bbox 669 1531 770 1588; x_wconf 87' lang='lat' dir='ltr'>arcani</span> <span class='ocrx_word' id='word_1_93' title='bbox 786 1547 898 1607; x_wconf 89' lang='lat' dir='ltr'>apparo</span> 
     </span>
    </p>

    <p class='ocr_par' dir='ltr' id='par_1_17' title="bbox 91 1611 1164 1774">
     <span class='ocr_line' id='line_1_17' title="bbox 173 1611 1164 1690; baseline 0.003 -19"><span class='ocrx_word' id='word_1_94' title='bbox 173 1613 291 1690; x_wconf 89' lang='lat' dir='ltr'>penitus</span> <span class='ocrx_word' id='word_1_95' title='bbox 306 1611 451 1672; x_wconf 78' lang='lat' dir='ltr'>recondas</span> <span class='ocrx_word' id='word_1_96' title='bbox 467 1618 497 1672; x_wconf 88' lang='lat' dir='ltr'>et</span> <span class='ocrx_word' id='word_1_97' title='bbox 512 1611 599 1671; x_wconf 82' lang='lat' dir='ltr'>tidem</span> <span class='ocrx_word' id='word_1_98' title='bbox 615 1614 734 1672; x_wconf 76' lang='lat' dir='ltr'>tacitam</span> <span class='ocrx_word' id='word_1_99' title='bbox 750 1615 908 1690; x_wconf 82' lang='lat' dir='ltr'>exprimas.</span> <span class='ocrx_word' id='word_1_100' title='bbox 1113 1624 1164 1675; x_wconf 86' lang='grc'>480</span> 
     </span>
     <span class='ocr_line' id='line_1_18' title="bbox 91 1692 965 1774; baseline 0 -18"><span class='ocrx_word' id='word_1_101' title='bbox 91 1692 94 1702; x_wconf 86' lang='grc'><strong>’</strong></span> <span class='ocrx_word' id='word_1_102' title='bbox 173 1709 276 1756; x_wconf 77' lang='lat' dir='ltr'>nvrlt.</span> <span class='ocrx_word' id='word_1_103' title='bbox 293 1696 362 1774; x_wconf 85' lang='lat' dir='ltr'>quid</span> <span class='ocrx_word' id='word_1_104' title='bbox 378 1695 455 1756; x_wconf 90' lang='lat' dir='ltr'>istud</span> <span class='ocrx_word' id='word_1_105' title='bbox 472 1701 517 1756; x_wconf 87' lang='lat' dir='ltr'>est</span> <span class='ocrx_word' id='word_1_106' title='bbox 531 1695 610 1773; x_wconf 88' lang='lat' dir='ltr'>quod</span> <span class='ocrx_word' id='word_1_107' title='bbox 626 1712 691 1754; x_wconf 85' lang='lat' dir='ltr'>osse</span> <span class='ocrx_word' id='word_1_108' title='bbox 705 1703 853 1756; x_wconf 89' lang='lat' dir='ltr'>secretum</span> <span class='ocrx_word' id='word_1_109' title='bbox 869 1698 965 1774; x_wconf 80' lang='lat' dir='ltr'>petis?</span> 
     </span>
    </p>

    <p class='ocr_par' dir='ltr' id='par_1_18' title="bbox 174 1778 985 1858">
     <span class='ocr_line' id='line_1_19' title="bbox 174 1778 985 1858; baseline 0.002 -18"><span class='ocrx_word' id='word_1_110' title='bbox 174 1793 290 1840; x_wconf 78' lang='lat' dir='ltr'>nntnrt.</span> <span class='ocrx_word' id='word_1_111' title='bbox 308 1797 367 1839; x_wconf 93' lang='lat' dir='ltr'>non</span> <span class='ocrx_word' id='word_1_112' title='bbox 381 1778 437 1840; x_wconf 88' lang='lat' dir='ltr'>tela</span> <span class='ocrx_word' id='word_1_113' title='bbox 454 1786 523 1840; x_wconf 90' lang='lat' dir='ltr'>sunt</span> <span class='ocrx_word' id='word_1_114' title='bbox 537 1795 596 1838; x_wconf 94' lang='lat' dir='ltr'>non</span> <span class='ocrx_word' id='word_1_115' title='bbox 612 1795 694 1838; x_wconf 87' lang='lat' dir='ltr'>arma</span> <span class='ocrx_word' id='word_1_116' title='bbox 710 1795 769 1837; x_wconf 93' lang='lat' dir='ltr'>non</span> <span class='ocrx_word' id='word_1_117' title='bbox 785 1780 862 1858; x_wconf 87' lang='lat' dir='ltr'>ignis</span> <span class='ocrx_word' id='word_1_118' title='bbox 876 1781 985 1842; x_wconf 86' lang='lat' dir='ltr'>minax.</span> 
     </span>
    </p>

    <p class='ocr_par' dir='ltr' id='par_1_19' title="bbox 173 1864 979 1943">
     <span class='ocr_line' id='line_1_20' title="bbox 173 1864 979 1943; baseline 0.001 -18"><span class='ocrx_word' id='word_1_119' title='bbox 173 1877 276 1925; x_wconf 79' lang='lat' dir='ltr'>nvrtt.</span> <span class='ocrx_word' id='word_1_120' title='bbox 294 1872 446 1943; x_wconf 88' lang='lat' dir='ltr'>praestare</span> <span class='ocrx_word' id='word_1_121' title='bbox 461 1864 555 1923; x_wconf 85' lang='lat' dir='ltr'>ieteor</span> <span class='ocrx_word' id='word_1_122' title='bbox 572 1879 659 1939; x_wconf 87' lang='lat' dir='ltr'>posse</span> <span class='ocrx_word' id='word_1_123' title='bbox 675 1881 723 1924; x_wconf 90' lang='lat' dir='ltr'>me</span> <span class='ocrx_word' id='word_1_124' title='bbox 738 1865 856 1926; x_wconf 87' lang='lat' dir='ltr'>tacitam</span> <span class='ocrx_word' id='word_1_125' title='bbox 873 1864 979 1936; x_wconf 88' lang='lat' dir='ltr'>tidem,</span> 
     </span>
    </p>

    <p class='ocr_par' dir='ltr' id='par_1_20' title="bbox 175 1944 867 2010">
     <span class='ocr_line' id='line_1_21' title="bbox 175 1944 867 2010; baseline 0 0"><span class='ocrx_word' id='word_1_126' title='bbox 175 1951 199 2010; x_wconf 87' lang='lat' dir='ltr'>si</span> <span class='ocrx_word' id='word_1_127' title='bbox 214 1947 327 2009; x_wconf 87' lang='lat' dir='ltr'>scelere</span> <span class='ocrx_word' id='word_1_128' title='bbox 343 1954 456 2009; x_wconf 90' lang='lat' dir='ltr'>careat:</span> <span class='ocrx_word' id='word_1_129' title='bbox 479 1947 598 2008; x_wconf 89' lang='lat' dir='ltr'>interim</span> <span class='ocrx_word' id='word_1_130' title='bbox 614 1944 710 2008; x_wconf 81' lang='lat' dir='ltr'>soclus</span> <span class='ocrx_word' id='word_1_131' title='bbox 726 1955 770 2008; x_wconf 88' lang='lat' dir='ltr'>cst</span> <span class='ocrx_word' id='word_1_132' title='bbox 785 1949 867 2010; x_wconf 78' lang='lat' dir='ltr'>fides.</span> 
     </span>
    </p>

    <p class='ocr_par' dir='ltr' id='par_1_21' title="bbox 173 2032 1167 2114">
     <span class='ocr_line' id='line_1_22' title="bbox 173 2032 1167 2114; baseline 0.003 -22"><span class='ocrx_word' id='word_1_133' title='bbox 173 2046 293 2094; x_wconf 69' lang='lat' dir='ltr'>nmen.</span> <span class='ocrx_word' id='word_1_134' title='bbox 311 2033 505 2111; x_wconf 87' lang='lat' dir='ltr'>circumspice</span> <span class='ocrx_word' id='word_1_135' title='bbox 521 2032 662 2110; x_wconf 80' lang='lat' dir='ltr'>agedum,</span> <span class='ocrx_word' id='word_1_136' title='bbox 680 2050 718 2092; x_wconf 89' lang='lat' dir='ltr'>ne</span> <span class='ocrx_word' id='word_1_137' title='bbox 734 2034 799 2111; x_wconf 87' lang='lat' dir='ltr'>quis</span> <span class='ocrx_word' id='word_1_138' title='bbox 814 2051 922 2095; x_wconf 88' lang='lat' dir='ltr'>arcana</span> <span class='ocrx_word' id='word_1_139' title='bbox 939 2046 1072 2114; x_wconf 84' lang='lat' dir='ltr'>aucnpet</span> <span class='ocrx_word' id='word_1_140' title='bbox 1113 2044 1167 2096; x_wconf 76' lang='grc'>485</span> 
     </span>
    </p>
   </div>
   <div class='ocr_carea' id='block_1_3' title="bbox 89 2115 927 2608">
    <p class='ocr_par' dir='ltr' id='par_1_22' title="bbox 173 2115 927 2362">
     <span class='ocr_line' id='line_1_23' title="bbox 173 2115 884 2197; baseline 0.001 -19"><span class='ocrx_word' id='word_1_141' title='bbox 173 2127 349 2197; x_wconf 87' lang='lat' dir='ltr'>partemque</span> <span class='ocrx_word' id='word_1_142' title='bbox 364 2118 394 2177; x_wconf 95' lang='lat' dir='ltr'>in</span> <span class='ocrx_word' id='word_1_143' title='bbox 411 2134 529 2178; x_wconf 90' lang='lat' dir='ltr'>ornnem</span> <span class='ocrx_word' id='word_1_144' title='bbox 547 2115 645 2176; x_wconf 88' lang='lat' dir='ltr'>nultus</span> <span class='ocrx_word' id='word_1_145' title='bbox 659 2118 814 2196; x_wconf 83' lang='lat' dir='ltr'>inquirens</span> <span class='ocrx_word' id='word_1_146' title='bbox 830 2127 884 2180; x_wconf 87' lang='lat' dir='ltr'>eet.</span> 
     </span>
     <span class='ocr_line' id='line_1_24' title="bbox 174 2200 927 2264; baseline 0.004 -3"><span class='ocrx_word' id='word_1_147' title='bbox 174 2215 277 2262; x_wconf 75' lang='lat' dir='ltr'><strong>NVTR.</strong></span> <span class='ocrx_word' id='word_1_148' title='bbox 294 2219 331 2261; x_wconf 86' lang='lat' dir='ltr'>en</span> <span class='ocrx_word' id='word_1_149' title='bbox 347 2201 430 2262; x_wconf 90' lang='lat' dir='ltr'>locus</span> <span class='ocrx_word' id='word_1_150' title='bbox 447 2200 484 2261; x_wconf 90' lang='lat' dir='ltr'>ab</span> <span class='ocrx_word' id='word_1_151' title='bbox 500 2202 580 2260; x_wconf 92' lang='lat' dir='ltr'>omni</span> <span class='ocrx_word' id='word_1_152' title='bbox 596 2207 678 2261; x_wconf 88' lang='lat' dir='ltr'>tutus</span> <span class='ocrx_word' id='word_1_153' title='bbox 692 2200 817 2262; x_wconf 88' lang='lat' dir='ltr'>arbitrio</span> <span class='ocrx_word' id='word_1_154' title='bbox 832 2210 927 2264; x_wconf 88' lang='lat' dir='ltr'>uacat.</span> 
     </span>
     <span class='ocr_line' id='line_1_25' title="bbox 174 2285 820 2362; baseline 0.003 -17"><span class='ocrx_word' id='word_1_155' title='bbox 174 2299 293 2346; x_wconf 73' lang='lat' dir='ltr'>nmen.</span> <span class='ocrx_word' id='word_1_156' title='bbox 311 2294 355 2346; x_wconf 90' lang='lat' dir='ltr'>est</span> <span class='ocrx_word' id='word_1_157' title='bbox 369 2287 399 2346; x_wconf 94' lang='lat' dir='ltr'>in</span> <span class='ocrx_word' id='word_1_158' title='bbox 416 2293 530 2346; x_wconf 90' lang='lat' dir='ltr'>remoto</span> <span class='ocrx_word' id='word_1_159' title='bbox 545 2286 645 2362; x_wconf 84' lang='lat' dir='ltr'>rogiae</span> <span class='ocrx_word' id='word_1_160' title='bbox 660 2285 739 2346; x_wconf 91' lang='lat' dir='ltr'>sedis</span> <span class='ocrx_word' id='word_1_161' title='bbox 753 2285 820 2347; x_wconf 87' lang='lat' dir='ltr'>loco</span> 
     </span>
    </p>

    <p class='ocr_par' dir='ltr' id='par_1_23' title="bbox 89 2370 830 2608">
     <span class='ocr_line' id='line_1_26' title="bbox 89 2370 830 2448; baseline 0 -18"><span class='ocrx_word' id='word_1_162' title='bbox 89 2395 91 2400; x_wconf 96' lang='lat'>·</span> <span class='ocrx_word' id='word_1_163' title='bbox 175 2388 282 2432; x_wconf 88' lang='lat' dir='ltr'>arcana</span> <span class='ocrx_word' id='word_1_164' title='bbox 299 2373 403 2431; x_wconf 89' lang='lat' dir='ltr'>tacitus</span> <span class='ocrx_word' id='word_1_165' title='bbox 419 2379 518 2431; x_wconf 87' lang='lat' dir='ltr'>nostra</span> <span class='ocrx_word' id='word_1_166' title='bbox 535 2370 697 2431; x_wconf 80' lang='lat' dir='ltr'>defendens</span> <span class='ocrx_word' id='word_1_167' title='bbox 712 2387 830 2448; x_wconf 80' lang='lat' dir='ltr'>specus,</span> 
     </span>
     <span class='ocr_line' id='line_1_27' title="bbox 175 2453 795 2532; baseline -0.002 -18"><span class='ocrx_word' id='word_1_168' title='bbox 175 2473 234 2516; x_wconf 89' lang='lat' dir='ltr'>non</span> <span class='ocrx_word' id='word_1_169' title='bbox 250 2454 300 2515; x_wconf 89' lang='lat' dir='ltr'>iile</span> <span class='ocrx_word' id='word_1_170' title='bbox 315 2456 428 2532; x_wconf 89' lang='lat' dir='ltr'>primos</span> <span class='ocrx_word' id='word_1_171' title='bbox 444 2457 549 2532; x_wconf 87' lang='lat' dir='ltr'>accipit</span> <span class='ocrx_word' id='word_1_172' title='bbox 564 2453 642 2514; x_wconf 85' lang='lat' dir='ltr'>soles</span> <span class='ocrx_word' id='word_1_173' title='bbox 656 2453 754 2523; x_wconf 85' lang='lat' dir='ltr'>locas,</span> <span class='ocrx_word' id='word_1_174' title='bbox 794 2507 795 2513; x_wconf 75' lang='grc'>,</span> 
     </span>
     <span class='ocr_line' id='line_1_28' title="bbox 175 2538 809 2608; baseline 0 -10"><span class='ocrx_word' id='word_1_175' title='bbox 175 2557 235 2598; x_wconf 93' lang='lat' dir='ltr'>non</span> <span class='ocrx_word' id='word_1_176' title='bbox 252 2538 301 2598; x_wconf 90' lang='lat' dir='ltr'>ille</span> <span class='ocrx_word' id='word_1_177' title='bbox 318 2557 416 2608; x_wconf 88' lang='lat' dir='ltr'>soros,</span> <span class='ocrx_word' id='word_1_178' title='bbox 434 2557 499 2599; x_wconf 85' lang='lat' dir='ltr'>cum</span> <span class='ocrx_word' id='word_1_179' title='bbox 518 2540 616 2600; x_wconf 83' lang='lat' dir='ltr'>terens</span> <span class='ocrx_word' id='word_1_180' title='bbox 631 2539 717 2598; x_wconf 87' lang='lat' dir='ltr'>Titan</span> <span class='ocrx_word' id='word_1_181' title='bbox 733 2539 809 2600; x_wconf 86' lang='lat' dir='ltr'>diem</span> 
     </span>
    </p>
   </div>
   <div class='ocr_carea' id='block_1_4' title="bbox 172 2685 375 2692">
    <p class='ocr_par' dir='ltr' id='par_1_24' title="bbox 172 2685 375 2692">
     <span class='ocr_line' id='line_1_29' title="bbox 172 2685 375 2692; baseline 0.01 -2"><span class='ocrx_word' id='word_1_182' title='bbox 172 2685 375 2692; x_wconf 62' lang='lat'>„.—.——--...-.-</span> 
     </span>
    </p>
   </div>
   <div class='ocr_carea' id='block_1_5' title="bbox 172 2753 1101 3569">
    <p class='ocr_par' dir='ltr' id='par_1_25' title="bbox 172 2753 1101 3569">
     <span class='ocr_line' id='line_1_30' title="bbox 241 2753 1097 2824; baseline 0.007 -16"><span class='ocrx_word' id='word_1_183' title='bbox 241 2760 291 2810; x_wconf 85' lang='grc'>466</span> <span class='ocrx_word' id='word_1_184' title='bbox 311 2759 389 2824; x_wconf 82' lang='lat' dir='ltr'>legis</span> <span class='ocrx_word' id='word_1_185' title='bbox 409 2760 483 2809; x_wconf 87' lang='lat' dir='ltr'>NHr.</span> <span class='ocrx_word' id='word_1_186' title='bbox 505 2755 516 2824; x_wconf 83' lang='grc' dir='ltr'>ΙΙ</span> <span class='ocrx_word' id='word_1_187' title='bbox 536 2760 615 2808; x_wconf 85' lang='lat' dir='ltr'>tenet</span> <span class='ocrx_word' id='word_1_188' title='bbox 633 2757 707 2808; x_wconf 84' lang='lat' dir='ltr'>IPot.</span> <span class='ocrx_word' id='word_1_189' title='bbox 722 2755 839 2821; x_wconf 75' lang='lat' dir='ltr'>Scaliger</span> <span class='ocrx_word' id='word_1_190' title='bbox 858 2753 870 2824; x_wconf 82' lang='grc' dir='ltr'>ΙΙ</span> <span class='ocrx_word' id='word_1_191' title='bbox 892 2761 943 2810; x_wconf 88' lang='grc'>468</span> <span class='ocrx_word' id='word_1_192' title='bbox 962 2774 1031 2824; x_wconf 82' lang='lat' dir='ltr'>ques</span> <span class='ocrx_word' id='word_1_193' title='bbox 1051 2766 1097 2818; x_wconf 64' lang='lat' dir='ltr'><em>§A</em></span> 
     </span>
     <span class='ocr_line' id='line_1_31' title="bbox 174 2822 1096 2892; baseline 0.004 -14"><span class='ocrx_word' id='word_1_194' title='bbox 174 2843 225 2892; x_wconf 88' lang='lat' dir='ltr'>que</span> <span class='ocrx_word' id='word_1_195' title='bbox 244 2835 267 2890; x_wconf 80' lang='grc' dir='ltr'>ψ</span> <span class='ocrx_word' id='word_1_196' title='bbox 291 2822 302 2892; x_wconf 90' lang='grc' dir='ltr'>ΙΙ</span> <span class='ocrx_word' id='word_1_197' title='bbox 325 2829 375 2880; x_wconf 87' lang='grc'>469</span> <span class='ocrx_word' id='word_1_198' title='bbox 395 2826 465 2876; x_wconf 83' lang='lat' dir='ltr'>aluit</span> <span class='ocrx_word' id='word_1_199' title='bbox 483 2825 508 2876; x_wconf 85' lang='lat' dir='ltr'><em>E</em></span> <span class='ocrx_word' id='word_1_200' title='bbox 532 2830 580 2875; x_wconf 84' lang='lat' dir='ltr'>eut</span> <span class='ocrx_word' id='word_1_201' title='bbox 598 2826 623 2874; x_wconf 99' lang='lat' dir='ltr'><em>A</em></span> <span class='ocrx_word' id='word_1_202' title='bbox 642 2823 702 2874; x_wconf 86' lang='lat' dir='ltr'>alit</span> <span class='ocrx_word' id='word_1_203' title='bbox 718 2826 820 2888; x_wconf 81' lang='lat' dir='ltr'>scripsi.</span> <span class='ocrx_word' id='word_1_204' title='bbox 846 2823 857 2892; x_wconf 83' lang='grc' dir='ltr'>ΙΙ</span> <span class='ocrx_word' id='word_1_205' title='bbox 879 2829 930 2880; x_wconf 91' lang='grc'>470</span> <span class='ocrx_word' id='word_1_206' title='bbox 949 2827 1032 2878; x_wconf 84' lang='lat' dir='ltr'>cedat</span> <span class='ocrx_word' id='word_1_207' title='bbox 1051 2834 1096 2882; x_wconf 88' lang='grc' dir='ltr'>εΑ</span> 
     </span>
     <span class='ocr_line' id='line_1_32' title="bbox 175 2888 1098 2960; baseline 0.004 -16"><span class='ocrx_word' id='word_1_208' title='bbox 175 2896 256 2946; x_wconf 87' lang='lat' dir='ltr'>cedet</span> <span class='ocrx_word' id='word_1_209' title='bbox 274 2896 317 2958; x_wconf 73' lang='lat' dir='ltr'>op?</span> <span class='ocrx_word' id='word_1_210' title='bbox 347 2891 358 2960; x_wconf 76' lang='grc' dir='ltr'>Η</span> <span class='ocrx_word' id='word_1_211' title='bbox 386 2895 435 2946; x_wconf 87' lang='grc'>471</span> <span class='ocrx_word' id='word_1_212' title='bbox 456 2895 485 2944; x_wconf 90' lang='lat' dir='ltr'>in</span> <span class='ocrx_word' id='word_1_213' title='bbox 504 2897 580 2944; x_wconf 79' lang='lat' dir='ltr'>estre</span> <span class='ocrx_word' id='word_1_214' title='bbox 597 2891 622 2941; x_wconf 85' lang='lat' dir='ltr'><em>E</em></span> <span class='ocrx_word' id='word_1_215' title='bbox 641 2891 767 2942; x_wconf 80' lang='lat' dir='ltr'>estrisA</span> <span class='ocrx_word' id='word_1_216' title='bbox 797 2888 809 2960; x_wconf 76' lang='grc' dir='ltr'>Η</span> <span class='ocrx_word' id='word_1_217' title='bbox 838 2893 967 2950; x_wconf 78' lang='lat' dir='ltr'>discedet</span> <span class='ocrx_word' id='word_1_218' title='bbox 985 2895 1098 2948; x_wconf 86' lang='lat' dir='ltr'>lieetE</span> 
     </span>
     <span class='ocr_line' id='line_1_33' title="bbox 173 2959 1100 3032; baseline 0.004 -20"><span class='ocrx_word' id='word_1_219' title='bbox 173 2963 292 3014; x_wconf 83' lang='lat' dir='ltr'>desertis</span> <span class='ocrx_word' id='word_1_220' title='bbox 303 2963 373 3013; x_wconf 85' lang='lat' dir='ltr'>licet</span> <span class='ocrx_word' id='word_1_221' title='bbox 385 2963 409 3012; x_wconf 92' lang='lat' dir='ltr'><em>A</em></span> <span class='ocrx_word' id='word_1_222' title='bbox 423 2959 434 3028; x_wconf 89' lang='grc' dir='ltr'>ΙΙ</span> <span class='ocrx_word' id='word_1_223' title='bbox 446 2963 496 3012; x_wconf 85' lang='grc'>478</span> <span class='ocrx_word' id='word_1_224' title='bbox 509 2962 569 3012; x_wconf 80' lang='lat' dir='ltr'>Stet</span> <span class='ocrx_word' id='word_1_225' title='bbox 581 2959 606 3009; x_wconf 85' lang='lat' dir='ltr'><em>E</em></span> <span class='ocrx_word' id='word_1_226' title='bbox 615 2961 655 3012; x_wconf 73' lang='grc' dir='ltr'>ΛΕ</span> <span class='ocrx_word' id='word_1_227' title='bbox 667 2959 705 3009; x_wconf 82' lang='lat' dir='ltr'>G?</span> <span class='ocrx_word' id='word_1_228' title='bbox 719 2960 874 3012; x_wconf 81' lang='lat' dir='ltr'>Heinsianue</span> <span class='ocrx_word' id='word_1_229' title='bbox 886 2964 967 3014; x_wconf 83' lang='lat' dir='ltr'>nroior</span> <span class='ocrx_word' id='word_1_230' title='bbox 985 2963 1027 3014; x_wconf 79' lang='lat' dir='ltr'>sit</span> <span class='ocrx_word' id='word_1_231' title='bbox 1040 2967 1064 3016; x_wconf 98' lang='lat' dir='ltr'><em>A</em></span> <span class='ocrx_word' id='word_1_232' title='bbox 1088 2964 1100 3032; x_wconf 81' lang='lat' dir='ltr'>d</span> 
     </span>
     <span class='ocr_line' id='line_1_34' title="bbox 174 3025 1099 3096; baseline 0.002 -16"><span class='ocrx_word' id='word_1_233' title='bbox 174 3031 291 3082; x_wconf 78' lang='lat' dir='ltr'>aduersa</span> <span class='ocrx_word' id='word_1_234' title='bbox 309 3029 334 3080; x_wconf 96' lang='grc' dir='ltr'><em>Ε</em></span> <span class='ocrx_word' id='word_1_235' title='bbox 353 3035 380 3082; x_wconf 82' lang='lat' dir='ltr'>et</span> <span class='ocrx_word' id='word_1_236' title='bbox 397 3045 479 3080; x_wconf 80' lang='lat' dir='ltr'>uerso</span> <span class='ocrx_word' id='word_1_237' title='bbox 498 3025 546 3096; x_wconf 76' lang='grc' dir='ltr'>ΑΗ</span> <span class='ocrx_word' id='word_1_238' title='bbox 558 3030 608 3078; x_wconf 90' lang='grc'>474</span> <span class='ocrx_word' id='word_1_239' title='bbox 626 3029 736 3078; x_wconf 84' lang='lat' dir='ltr'>ierueat</span> <span class='ocrx_word' id='word_1_240' title='bbox 753 3027 828 3078; x_wconf 75' lang='grc' dir='ltr'>ΕΕΕ</span> <span class='ocrx_word' id='word_1_241' title='bbox 840 3029 996 3085; x_wconf 74' lang='lat' dir='ltr'>Heinsianus</span> <span class='ocrx_word' id='word_1_242' title='bbox 1008 3033 1099 3082; x_wconf 80' lang='lat' dir='ltr'>maior</span> 
     </span>
     <span class='ocr_line' id='line_1_35' title="bbox 172 3094 1098 3166; baseline 0.003 -18"><span class='ocrx_word' id='word_1_243' title='bbox 172 3099 287 3148; x_wconf 84' lang='lat' dir='ltr'>fulxerit</span> <span class='ocrx_word' id='word_1_244' title='bbox 304 3099 327 3148; x_wconf 85' lang='lat' dir='ltr'>n</span> <span class='ocrx_word' id='word_1_245' title='bbox 345 3098 451 3163; x_wconf 81' lang='lat' dir='ltr'>fugerit</span> <span class='ocrx_word' id='word_1_246' title='bbox 468 3099 493 3148; x_wconf 91' lang='lat' dir='ltr'><em>A</em></span> <span class='ocrx_word' id='word_1_247' title='bbox 516 3094 528 3162; x_wconf 88' lang='grc' dir='ltr'>ΙΙ</span> <span class='ocrx_word' id='word_1_248' title='bbox 547 3097 598 3147; x_wconf 90' lang='grc'>475</span> <span class='ocrx_word' id='word_1_249' title='bbox 617 3109 699 3146; x_wconf 88' lang='lat' dir='ltr'>unum</span> <span class='ocrx_word' id='word_1_250' title='bbox 719 3096 758 3146; x_wconf 87' lang='grc' dir='ltr'>εΑ</span> <span class='ocrx_word' id='word_1_251' title='bbox 777 3097 864 3162; x_wconf 78' lang='lat' dir='ltr'>uirum</span> <span class='ocrx_word' id='word_1_252' title='bbox 882 3097 906 3148; x_wconf 83' lang='lat' dir='ltr'><em>R</em></span> <span class='ocrx_word' id='word_1_253' title='bbox 916 3114 933 3162; x_wconf 80' lang='lat' dir='ltr'>p</span> <span class='ocrx_word' id='word_1_254' title='bbox 945 3098 1030 3162; x_wconf 73' lang='lat' dir='ltr'>Booti.</span> <span class='ocrx_word' id='word_1_255' title='bbox 1043 3117 1098 3166; x_wconf 76' lang='lat' dir='ltr'>mg.</span> 
     </span>
     <span class='ocr_line' id='line_1_36' title="bbox 173 3161 1101 3233; baseline 0.002 -19"><span class='ocrx_word' id='word_1_256' title='bbox 173 3166 265 3227; x_wconf 83' lang='lat' dir='ltr'>illum</span> <span class='ocrx_word' id='word_1_257' title='bbox 284 3166 336 3216; x_wconf 75' lang='lat' dir='ltr'>dtr.</span> <span class='ocrx_word' id='word_1_258' title='bbox 360 3162 371 3232; x_wconf 67' lang='lat' dir='ltr'>{i</span> <span class='ocrx_word' id='word_1_259' title='bbox 394 3163 458 3226; x_wconf 65' lang='lat' dir='ltr'>etti</span> <span class='ocrx_word' id='word_1_260' title='bbox 476 3165 558 3217; x_wconf 89' lang='lat' dir='ltr'>NVT.</span> <span class='ocrx_word' id='word_1_261' title='bbox 577 3165 602 3214; x_wconf 89' lang='lat' dir='ltr'><em>A</em></span> <span class='ocrx_word' id='word_1_262' title='bbox 621 3180 667 3218; x_wconf 89' lang='lat' dir='ltr'>om.</span> <span class='ocrx_word' id='word_1_263' title='bbox 686 3163 711 3212; x_wconf 88' lang='lat' dir='ltr'><em>E</em></span> <span class='ocrx_word' id='word_1_264' title='bbox 733 3161 745 3229; x_wconf 83' lang='grc' dir='ltr'>ΙΙ</span> <span class='ocrx_word' id='word_1_265' title='bbox 767 3166 817 3216; x_wconf 88' lang='grc'><strong>476</strong></span> <span class='ocrx_word' id='word_1_266' title='bbox 835 3165 908 3216; x_wconf 85' lang='lat' dir='ltr'>DEI.</span> <span class='ocrx_word' id='word_1_267' title='bbox 928 3167 954 3216; x_wconf 84' lang='lat' dir='ltr'><em>A</em></span> <span class='ocrx_word' id='word_1_268' title='bbox 972 3183 1019 3218; x_wconf 85' lang='lat' dir='ltr'>om.</span> <span class='ocrx_word' id='word_1_269' title='bbox 1040 3165 1065 3216; x_wconf 87' lang='grc' dir='ltr'><em>Ε</em></span> <span class='ocrx_word' id='word_1_270' title='bbox 1089 3165 1101 3233; x_wconf 81' lang='lat' dir='ltr'>d</span> 
     </span>
     <span class='ocr_line' id='line_1_37' title="bbox 172 3229 1097 3300; baseline 0.001 -16"><span class='ocrx_word' id='word_1_271' title='bbox 172 3235 223 3285; x_wconf 90' lang='grc'><strong>480</strong></span> <span class='ocrx_word' id='word_1_272' title='bbox 245 3233 325 3284; x_wconf 90' lang='lat' dir='ltr'>fidem</span> <span class='ocrx_word' id='word_1_273' title='bbox 344 3234 459 3284; x_wconf 84' lang='lat' dir='ltr'>tacitam</span> <span class='ocrx_word' id='word_1_274' title='bbox 477 3232 502 3281; x_wconf 89' lang='grc' dir='ltr'><em>Ε</em></span> <span class='ocrx_word' id='word_1_275' title='bbox 533 3232 586 3282; x_wconf 87' lang='lat' dir='ltr'>fide</span> <span class='ocrx_word' id='word_1_276' title='bbox 605 3233 736 3282; x_wconf 86' lang='lat' dir='ltr'>tecitaA</span> <span class='ocrx_word' id='word_1_277' title='bbox 767 3229 778 3299; x_wconf 79' lang='grc' dir='ltr'>ΙΙ</span> <span class='ocrx_word' id='word_1_278' title='bbox 808 3235 947 3298; x_wconf 84' lang='lat' dir='ltr'>exprimes</span> <span class='ocrx_word' id='word_1_279' title='bbox 970 3235 997 3284; x_wconf 93' lang='grc' dir='ltr'><em>Ε</em></span> <span class='ocrx_word' id='word_1_280' title='bbox 1025 3250 1097 3300; x_wconf 89' lang='lat' dir='ltr'>pre-</span> 
     </span>
     <span class='ocr_line' id='line_1_38' title="bbox 173 3292 1099 3368; baseline 0.004 -18"><span class='ocrx_word' id='word_1_281' title='bbox 173 3301 276 3352; x_wconf 86' lang='lat' dir='ltr'>mas&#39;A</span> <span class='ocrx_word' id='word_1_282' title='bbox 299 3297 311 3368; x_wconf 83' lang='lat' dir='ltr'>ll</span> <span class='ocrx_word' id='word_1_283' title='bbox 333 3303 382 3353; x_wconf 87' lang='grc'>481</span> <span class='ocrx_word' id='word_1_284' title='bbox 402 3301 474 3366; x_wconf 87' lang='lat' dir='ltr'>petis</span> <span class='ocrx_word' id='word_1_285' title='bbox 492 3301 517 3349; x_wconf 93' lang='grc' dir='ltr'><em>Ε</em></span> <span class='ocrx_word' id='word_1_286' title='bbox 539 3301 619 3351; x_wconf 87' lang='lat' dir='ltr'>iubes</span> <span class='ocrx_word' id='word_1_287' title='bbox 637 3299 661 3348; x_wconf 88' lang='lat' dir='ltr'><em>A</em></span> <span class='ocrx_word' id='word_1_288' title='bbox 686 3292 698 3364; x_wconf 89' lang='grc' dir='ltr'>ΙΙ</span> <span class='ocrx_word' id='word_1_289' title='bbox 720 3299 770 3352; x_wconf 78' lang='grc'>482</span> <span class='ocrx_word' id='word_1_290' title='bbox 794 3300 886 3350; x_wconf 82' lang='lat' dir='ltr'>minax</span> <span class='ocrx_word' id='word_1_291' title='bbox 904 3300 930 3350; x_wconf 91' lang='grc' dir='ltr'><em>Ε</em></span> <span class='ocrx_word' id='word_1_292' title='bbox 953 3304 1045 3354; x_wconf 75' lang='lat' dir='ltr'>minae</span> <span class='ocrx_word' id='word_1_293' title='bbox 1064 3305 1099 3354; x_wconf 87' lang='grc' dir='ltr'><em>Α</em></span> 
     </span>
     <span class='ocr_line' id='line_1_39' title="bbox 173 3363 1099 3434; baseline 0.005 -18"><span class='ocrx_word' id='word_1_294' title='bbox 173 3384 226 3418; x_wconf 93' lang='lat' dir='ltr'>non</span> <span class='ocrx_word' id='word_1_295' title='bbox 247 3369 319 3432; x_wconf 89' lang='lat' dir='ltr'>ignis</span> <span class='ocrx_word' id='word_1_296' title='bbox 337 3384 391 3418; x_wconf 89' lang='lat' dir='ltr'>non</span> <span class='ocrx_word' id='word_1_297' title='bbox 409 3369 482 3418; x_wconf 90' lang='lat' dir='ltr'>mine</span> <span class='ocrx_word' id='word_1_298' title='bbox 500 3363 546 3432; x_wconf 74' lang='grc' dir='ltr'>ψΗ</span> <span class='ocrx_word' id='word_1_299' title='bbox 558 3369 609 3418; x_wconf 89' lang='grc'>484</span> <span class='ocrx_word' id='word_1_300' title='bbox 628 3363 680 3415; x_wconf 88' lang='lat' dir='ltr'>Sed</span> <span class='ocrx_word' id='word_1_301' title='bbox 701 3381 738 3417; x_wconf 89' lang='lat' dir='ltr'>sc.</span> <span class='ocrx_word' id='word_1_302' title='bbox 759 3385 781 3418; x_wconf 89' lang='lat' dir='ltr'>c.</span> <span class='ocrx_word' id='word_1_303' title='bbox 800 3365 913 3434; x_wconf 71' lang='grc'><strong>1411485</strong></span> <span class='ocrx_word' id='word_1_304' title='bbox 932 3385 1002 3420; x_wconf 86' lang='lat' dir='ltr'>occu</span> <span class='ocrx_word' id='word_1_305' title='bbox 1023 3374 1051 3420; x_wconf 83' lang='lat' dir='ltr'>et</span> <span class='ocrx_word' id='word_1_306' title='bbox 1071 3388 1099 3422; x_wconf 88' lang='grc' dir='ltr'><strong><em>ω</em></strong></span> 
     </span>
     <span class='ocr_line' id='line_1_40' title="bbox 174 3387 1100 3500; baseline 0.009 -19"><span class='ocrx_word' id='word_1_307' title='bbox 174 3441 304 3497; x_wconf 86' lang='lat' dir='ltr'>aucupet</span> <span class='ocrx_word' id='word_1_308' title='bbox 316 3435 438 3499; x_wconf 80' lang='lat' dir='ltr'>-Soaliger</span> <span class='ocrx_word' id='word_1_309' title='bbox 461 3431 473 3500; x_wconf 78' lang='grc' dir='ltr'>ΙΙ</span> <span class='ocrx_word' id='word_1_310' title='bbox 494 3436 545 3486; x_wconf 87' lang='grc'>487</span> <span class='ocrx_word' id='word_1_311' title='bbox 568 3434 685 3486; x_wconf 80' lang='lat' dir='ltr'>arbitrio</span> <span class='ocrx_word' id='word_1_312' title='bbox 701 3433 727 3482; x_wconf 90' lang='lat' dir='ltr'><em>E</em></span> <span class='ocrx_word' id='word_1_313' title='bbox 738 3436 805 3486; x_wconf 80' lang='lat' dir='ltr'>Part.</span> <span class='ocrx_word' id='word_1_314' title='bbox 830 3437 936 3487; x_wconf 86' lang='lat' dir='ltr'>arbitro</span> <span class='ocrx_word' id='word_1_315' title='bbox 956 3439 979 3486; x_wconf 87' lang='lat' dir='ltr'><em>A</em></span> <span class='ocrx_word' id='word_1_316' title='bbox 986 3387 1020 3500; x_wconf 65' lang='lat' dir='ltr'>dd</span> <span class='ocrx_word' id='word_1_317' title='bbox 1039 3439 1100 3489; x_wconf 84' lang='grc'>488</span> 
     </span>
     <span class='ocr_line' id='line_1_41' title="bbox 173 3497 1100 3569; baseline 0.011 -23"><span class='ocrx_word' id='word_1_318' title='bbox 173 3501 269 3561; x_wconf 81' lang='lat' dir='ltr'>regiae</span> <span class='ocrx_word' id='word_1_319' title='bbox 283 3501 356 3550; x_wconf 85' lang='lat' dir='ltr'>sedis</span> <span class='ocrx_word' id='word_1_320' title='bbox 369 3503 423 3552; x_wconf 71' lang='lat' dir='ltr'>end</span> <span class='ocrx_word' id='word_1_321' title='bbox 435 3502 509 3552; x_wconf 87' lang='lat' dir='ltr'>sedis</span> <span class='ocrx_word' id='word_1_322' title='bbox 521 3504 651 3568; x_wconf 83' lang='lat' dir='ltr'>egregiae</span> <span class='ocrx_word' id='word_1_323' title='bbox 665 3503 690 3551; x_wconf 88' lang='lat' dir='ltr'><em>A</em></span> <span class='ocrx_word' id='word_1_324' title='bbox 701 3497 714 3568; x_wconf 84' lang='grc' dir='ltr'>Η</span> <span class='ocrx_word' id='word_1_325' title='bbox 725 3505 776 3554; x_wconf 84' lang='grc'>489</span> <span class='ocrx_word' id='word_1_326' title='bbox 788 3519 888 3569; x_wconf 81' lang='lat' dir='ltr'>specus</span> <span class='ocrx_word' id='word_1_327' title='bbox 901 3505 940 3554; x_wconf 88' lang='grc' dir='ltr'>εΑ</span> <span class='ocrx_word' id='word_1_328' title='bbox 954 3504 1032 3556; x_wconf 75' lang='lat' dir='ltr'>locu·</span> <span class='ocrx_word' id='word_1_329' title='bbox 1045 3511 1072 3569; x_wconf 83' lang='grc' dir='ltr'><strong><em>ψ</em></strong></span> <span class='ocrx_word' id='word_1_330' title='bbox 1088 3503 1100 3569; x_wconf 86' lang='grc' dir='ltr'>ΙΙ</span> 
     </span>
    </p>
   </div>
   <div class='ocr_carea' id='block_1_6' title="bbox 0 0 1253 3984">
    <p class='ocr_par' dir='ltr' id='par_1_26' title="bbox 0 0 1253 3984">
     <span class='ocr_line' id='line_1_42' title="bbox 0 0 1253 3984; baseline 0 0"><span class='ocrx_word' id='word_1_331' title='bbox 0 0 1253 3984; x_wconf 95' lang='lat' dir='ltr'> </span> 
     </span>
    </p>
   </div>
  </div>
 </body>
</html>
