2490 3984
510 203 709 262 sarnunto

155 360 266 412 armata
281 351 377 413 Pallas
395 353 533 430 quicquid
550 362 600 414 aut
615 355 697 414 lrasta
713 356 812 412 minax

153 443 202 496 aut
217 437 318 513 aegide
335 445 362 497 et
379 437 479 497 lurore
496 457 647 516 gorgoneo
665 445 774 517 potest,

153 529 203 581 aut
218 525 286 599 igne
303 523 397 600 patrio
413 529 537 600 temptat
553 532 581 582 et
597 522 678 583 eaelo
694 541 790 583 nouae

153 608 265 683 spirant
280 606 438 686 procellae.

468 691 557 753 Solus
571 694 696 754 inuietus
712 691 796 752 malis

152 775 278 849 luctatur
294 777 393 836 Aiax.
425 777 491 838 uela
508 785 661 854 cogentem
677 778 756 838 hunc
772 795 823 837 sua

152 866 230 920 tento
246 862 372 921 rudente
387 861 504 922 llamma
521 864 692 939 perstrinxit
707 863 824 923 cadens.

152 944 276 1004 libratur
293 945 369 1006 aliud
387 946 505 1007 lulmen.
538 947 595 1006 hoo
610 955 671 1007 toto
687 950 802 1024 impetu'

153 1036 266 1089 certum
282 1031 403 1091 reducta
420 1031 514 1091 Pallas
531 1033 659 1092 excussit
674 1050 764 1092 manu

151 1115 260 1175 imitata
277 1123 401 1194 patrem.
433 1117 536 1178 transit
552 1117 670 1176 Aiacem
687 1124 716 1178 et
730 1124 822 1176 ratem

151 1202 283 1277 ratisque
298 1209 411 1279 partem
429 1219 531 1261 seeum
547 1208 576 1260 et
591 1203 707 1262 Aiacem
724 1200 798 1261 tulit.

195 1284 240 1344 Nil
257 1285 304 1345 ille
321 1295 417 1346 motus
433 1287 523 1346 ardua
542 1295 573 1346 ut
588 1296 687 1346 cautes
703 1286 764 1346 salo

152 1369 304 1430 ambustus
321 1377 413 1439 extat,
431 1371 542 1430 dirimit
556 1373 691 1431 insanum
707 1389 789 1430 mare

151 1453 315 1532 tinctusque
330 1457 442 1532 rumpit
456 1460 577 1532 pectore
594 1464 622 1515 et
637 1473 744 1515 nauem
761 1473 849 1514 manu

152 1537 312 1616 conplexus
328 1540 357 1597 in
373 1558 405 1599 se
420 1541 508 1598 traxit
524 1545 551 1597 et
566 1557 654 1598 oaeeo
670 1541 744 1598 mari

153 1621 289 1683 conlucet
304 1623 399 1682 Aiax.
432 1640 519 1683 omne
535 1622 705 1698 resplendet
721 1623 838 1682 iratum.

153 1707 271 1766 tandem
288 1713 430 1782 occupata
447 1724 522 1783 rupe
537 1705 729 1766 furibundum
746 1707 858 1765 intonat

153 1808 309 1868 superasse
325 1808 403 1849 noina
419 1807 451 1849 se
467 1790 588 1868 pelagus
604 1797 691 1869 atque
706 1791 798 1867 ignes.
829 1791 931 1849 tiuuat

154 1876 260 1933 uicisse
276 1873 389 1934 caelum
407 1873 553 1934 Palladem
571 1874 681 1935 fulmen
698 1893 788 1936 mare.

196 1957 261 2018 Non
279 1976 324 2018 me
340 1959 452 2035 lugauit
466 1959 565 2020 bellici
581 1967 679 2020 terror
695 1962 741 2020 dei

154 2049 183 2103 et
198 2042 429 2104 Hectoremuna
445 2043 525 2104 solus
542 2055 571 2105 et
585 2045 707 2106 Martem
724 2044 776 2105 tuli

152 2127 286 2206 phoebea
302 2147 357 2188 neo
375 2147 422 2189 me
438 2128 494 2189 tela
510 2129 689 2208 pepulerunt
704 2131 807 2208 gradu.

151 2231 218 2274 eum
233 2213 399 2293 Phrygibus
414 2215 486 2274 istos
503 2216 636 2274 uicimus.
668 2223 735 2276 tene
751 2215 908 2276 horream?

151 2295 245 2358 aliena
261 2299 348 2358 inerti
364 2297 421 2359 tela
437 2301 527 2359 mittis
543 2300 673 2360 dextera.

151 2384 221 2460 quid
238 2385 262 2443 si
276 2385 339 2460 ipse
355 2384 485 2443 mittati’

442 2514 444 2518 .
521 2467 610 2527 Plura
626 2486 693 2528 eum
710 2468 833 2528 auderet
847 2467 963 2536 lutens,

152 2551 278 2611 tridente
293 2570 399 2630 rupem
415 2551 533 2612 subruit
547 2551 661 2628 pulsam
678 2560 762 2631 pater

151 2635 304 2714 Neptunus
319 2638 384 2696 imis
400 2655 525 2698 exerens
542 2637 627 2697 undis
643 2646 731 2715 caput

151 2719 297 2797 soluitque
313 2728 443 2782 montem
460 2739 547 2800 quem
564 2723 672 2782 cadens
687 2740 788 2783 seeum
806 2721 870 2782 tulit

151 2811 290 2882 terraque
306 2813 334 2865 et
349 2807 416 2883 igne
433 2807 528 2866 uictus
544 2814 573 2866 et
587 2805 692 2884 pelago
708 2808 792 2868 iacet.

219 2959 268 3006 551
288 2962 335 3006 aut
354 2957 446 3008 furore
466 2961 504 3008 εΑ
525 2963 558 3008 et
578 2960 655 3009 Gron.
674 2961 714 3010 ed.
734 2962 808 3009 1661.
832 2956 843 3024 ll
867 2959 916 3009 555
935 2959 1023 3008 Tento
1041 2957 1066 3005 E

151 3025 243 3075 Tenso
261 3025 287 3074 Α
310 3021 321 3090 ΙΙ
345 3027 393 3075 557
412 3027 525 3076 Tortum
544 3027 667 3076 Ioniunus
679 3029 811 3077 Fontanus
830 3041 865 3076 eor
883 3027 939 3076 aod.
957 3033 983 3074 ut
996 3026 1066 3074 uide-

151 3099 201 3142 tur,
230 3089 233 3157 l
271 3095 320 3142 559
340 3099 368 3142 et
385 3095 474 3158 magis
492 3095 517 3142 E
541 3100 568 3144 et
585 3095 679 3144 Aiacis
699 3096 722 3143 Α
747 3098 775 3144 et
792 3094 907 3143 Aiacem
924 3095 1066 3143 Fontanus.
1088 3109 1102 3134 ο

151 3160 221 3223 Mop.
244 3157 315 3226 1563
334 3162 364 3209 in
382 3177 411 3210 se
431 3179 452 3211 ω
475 3161 544 3226 ipse
562 3162 612 3214 Bo.
629 3159 641 3228 ll
658 3164 707 3214 565
725 3162 887 3212 furibundus
906 3160 1039 3225 RpMog.
1058 3156 1066 3226 ll

151 3229 200 3278 566
218 3243 290 3278 niano
309 3243 338 3278 se
358 3230 382 3278 A
402 3244 431 3278 se
450 3244 497 3279 ono.
517 3226 564 3296 Eli
577 3232 624 3280 571
644 3235 707 3280 tene
726 3231 853 3280 horream
871 3228 937 3277 EMl
955 3229 1066 3278 tandem

150 3296 178 3347 h.
197 3297 221 3344 Α
245 3293 258 3361 ΙΙ
281 3299 330 3348 572
348 3297 448 3346 Aliena
466 3297 550 3346 inerti
568 3298 624 3347 tela
643 3297 808 3362 pepulerunt
826 3295 912 3362 gradu
929 3296 954 3344 Ε
984 3296 1027 3348 Al.
1046 3297 1064 3349 i.

151 3363 210 3412 tela
228 3365 302 3413 mitti
320 3365 434 3414 dextera
454 3367 477 3414 A
505 3369 524 3414 t.
545 3367 632 3416 mittis
650 3366 764 3416 dextera
782 3365 821 3414 Md
848 3364 906 3414 tela
924 3363 1066 3428 perden-

133 3434 217 3490 ⁴tem
235 3447 333 3482 manu
353 3433 430 3484 Gron.
463 3434 673 3482 iaculantem
692 3437 732 3483 uel
761 3433 950 3482 mittentem
969 3447 1067 3482 manu

151 3499 226 3550 NHs.
241 3495 251 3564 ll
263 3501 312 3550 577
331 3500 428 3566 'l'erral
448 3517 517 3552 corr.
536 3517 571 3550 ear
589 3507 666 3550 torra¹
682 3501 707 3550 Ε
730 3497 741 3566 ll

799 3581 841 3646 22
1042 3643 1049 3655 ‚

898 3668 903 3679 1
1051 3657 1060 3670 ⁴
1080 3659 1084 3667 '

897 3697 905 3711 J
936 3677 1018 3713 ’1114)
1042 3673 1084 3702 ⁴5⁴

981 3714 988 3728 J
1043 3703 1082 3728 ’,ΔΙ
