2516 3998
457 245 639 293 Hunnvnus
658 230 820 318 [succus]
877 257 883 271 ·

180 405 247 448 cum
264 382 356 452 semel
371 387 466 453 uenit,
484 385 593 463 poterit
607 387 729 446 reuerti.

180 471 250 551 quid
265 472 348 532 iuuat
363 471 459 530 dirum
477 487 640 549 properare
656 469 766 530 latum?

143 649 169 707 e'
225 639 327 700 Omnis
343 639 419 700 haec
435 640 549 716 magnis
564 657 638 717 uaga
655 640 741 701 turba
757 640 846 700 terris

180 724 234 785 ibit
250 725 286 785 ad
302 743 404 786 manes
420 724 566 801 facietque
582 725 668 784 inerti

181 808 248 870 uela
264 811 382 890 Cocyto.
413 808 466 868 tibi
481 810 588 869 crescit
603 828 700 879 omne,

97 973 102 977 ,
181 903 211 958 ct
226 894 306 974 quod
322 912 443 954 occasus
458 894 540 954 uidet
556 900 585 954 et
600 894 680 971 quod
695 902 786 955 ortus.

141 1065 169 1123 d'
225 1063 318 1124 Parce
332 1065 476 1134 uenturis.
509 1063 562 1124 tihi
577 1081 658 1124 mors
672 1081 822 1140 paramur.

180 1148 225 1208 sic
241 1147 311 1208 licet
326 1150 439 1226 segnis,
456 1165 653 1227 properamus
669 1150 734 1226 ipsi.

180 1233 275 1312 prima
292 1250 368 1310 quae
383 1236 474 1295 uitam
491 1232 569 1294 dedit
584 1233 673 1304 hora,
691 1235 794 1312 carpit.

138 1427 165 1478 ft
353 1417 463 1480 Thebis
478 1418 552 1481 laeta
570 1419 632 1480 dies
648 1420 740 1481 adest.

310 1522 376 1564 aras
391 1505 502 1581 tangite
518 1504 677 1584 supplices,

264 1609 272 1615 ·
309 1590 433 1667 pingues
449 1589 561 1649 caedite
576 1593 721 1650 uictimas.

309 1674 473 1752 permixtae
488 1673 620 1734 maribus
637 1691 728 1734 nurus

310 1757 458 1818 solemnes
473 1760 585 1836 agitent
601 1757 717 1818 choros.

310 1851 426 1903 cessent
442 1843 577 1922 deposito
592 1845 661 1919 iugo

311 1929 376 1988 arui
391 1927 496 1988 fertilis
511 1926 633 1988 incolae.

352 2096 412 2157 Pax
430 2105 474 2156 est
488 2096 628 2158 herculea
645 2116 734 2158 manu

310 2183 454 2242 Auroram
471 2183 547 2242 inter
563 2190 592 2242 et
608 2182 788 2262 Hesperum⁸

311 2272 411 2344 etqua
428 2265 472 2328 sol
488 2265 617 2328 medium
635 2276 737 2328 tenens

310 2351 431 2411 umbras
446 2351 623 2430 corporibus
639 2359 735 2430 negat.
816 2415 821 2423 ,

311 2435 519 2514 quodcumque
535 2435 664 2496 adluitur
681 2435 775 2498 solum

309 2519 399 2598 longo
415 2521 544 2599 Tethyos
560 2519 680 2589 ambitu,

310 2602 428 2664 Alcidae
444 2605 558 2666 domuit
573 2604 668 2666 labor.

143 2789 167 2846 f'
214 2779 218 2784 '
352 2773 553 2836 Transuectus
570 2774 644 2835 uada
661 2775 785 2845 Tartari,

310 2859 420 2936 pacatis
435 2860 513 2920 redit
528 2858 640 2919 inieris.

181 2994 241 3002 .—

250 3046 300 3096 870
323 3046 452 3110 poluitur
482 3047 597 3110 poterit
616 3045 666 3097 Bo.
700 3041 711 3110 ll
739 3046 787 3096 871
811 3046 898 3096 dirum
925 3047 978 3098 VT
1002 3047 1098 3096 durum

180 3112 221 3163 εΑ
281 3114 331 3164 874
350 3118 456 3164 crescet
474 3113 499 3162 E
522 3109 533 3175 ΙΙ
556 3116 606 3165 876
625 3118 654 3163 et
665 3114 717 3162 tibi
733 3114 761 3163 V
772 3110 784 3179 ΙΙ
808 3130 935 3178 paramus
953 3117 980 3165 V
988 3122 1014 3163 ut
1027 3118 1096 3166 uide·

180 3187 224 3229 tur
281 3180 345 3231 876¹J
358 3190 383 3232 et
401 3183 462 3232 877ιι
475 3187 535 3245 poci
552 3183 614 3232 874ι
631 3184 832 3245 interponendoc
846 3189 923 3246 putat
940 3181 1058 3234 Bneom.
1076 3179 1088 3249 ll

180 3250 231 3299 878
250 3250 342 3314 carpit
358 3249 407 3313 Εφ
436 3249 541 3314 carpsit
557 3250 606 3313 Αφ
635 3247 646 3315 ll
676 3249 822 3300 CHORVS
839 3249 889 3300 Eli
906 3253 1015 3314 orn.qu
1050 3251 1097 3300 Te·
1148 3263 1155 3274 ⁸

180 3319 314 3366 rentianuc
332 3318 441 3367 Maurae
458 3335 483 3367 u.
502 3320 570 3366 2⁶72
588 3318 770 3382 „Exemplum
790 3322 817 3365 et
836 3317 957 3366 Senecae
977 3317 1062 3368 dabo:
1080 3323 1083 3376 i

181 3384 333 3434 Thebis-
353 3383 514 3435 uictimas.“
552 3382 564 3450 ΙΙ
601 3388 650 3436 879
672 3386 841 3435 Terentianus
859 3400 885 3450 u.¹
906 3387 973 3435 2786
1003 3382 1014 3451 Η
1049 3389 1098 3437 880

181 3467 258 3569 affirm
275 3453 443 3586 Terentp‘pnus
466 3449 477 3520 li
506 3452 554 3502 882
573 3454 706 3504 matribus
725 3452 750 3500 E
778 3448 790 3518 ll
819 3454 869 3503 890
888 3452 1002 3504 alluitur
1019 3454 1097 3518 EVp

181 3537 198 3570 a
231 3521 305 3569 uitur
324 3522 348 3570 Α
