2490 3984
179 121 245 187 404
568 139 711 186 euenum

181 277 292 355 inpune
308 278 388 338 saeui
403 285 518 354 sceptra
535 278 592 337 iam
609 295 696 356 reges
713 286 833 356 gerent,

180 363 294 440 inpune
308 362 366 422 iam
382 369 520 422 nascetur
535 361 709 423 indomitum
725 362 851 436 malum,

123 477 128 492 ι
180 446 344 508 reddentur
360 465 428 507 arae
444 464 568 507 cernere
584 447 723 507 adsuetae
738 447 864 508 hostiam

180 531 309 593 similem
326 531 444 592 colenti.
477 531 639 592 sceleribus
654 531 711 591 leci
726 534 819 605 uiam,

182 634 239 694 ego
255 633 309 676 uos
325 617 459 695 tyrannis
475 615 596 692 regibus
611 617 754 676 monstris
769 617 841 677 ieris

182 702 338 778 saeuisque
353 709 439 778 raptu
455 701 573 760 uindice
589 702 716 779 opposui
732 700 804 761 deis.

183 803 282 846 cessas
297 787 427 845 tonantis
443 786 540 846 socia?
564 803 624 844 uun
641 786 756 863 spargis
772 785 867 847 lacem

181 871 293 930 imitata
309 869 431 931 fratrem
448 878 477 930 et
493 871 583 929 mittis
600 878 732 947 ereptam
747 869 811 931 Ioui

181 971 289 1031 meque
303 957 366 1032 ipsa
384 954 503 1032 perdis?
527 953 591 1016 laus
607 954 660 1014 tibi
676 962 778 1032 erepta
795 955 904 1015 incluta
921 963 965 1015 est

182 1041 287 1114 ingens
302 1038 484 1116 triumphus:
509 1039 616 1100 aemuli
632 1039 705 1100 luno
721 1040 762 1099 tui

182 1130 309 1183 mortem
325 1123 478 1202 occupaui.

182 1221 263 1266 uun.
513 1209 583 1286 quid
600 1209 718 1269 demum
734 1207 881 1285 inpulsam
897 1209 1009 1268 trahis?

182 1293 294 1352 erroris
310 1300 355 1352 est
371 1293 429 1353 hoc
444 1309 532 1352 omne
547 1293 756 1371 quodcumque
771 1301 817 1354 est
832 1292 924 1354 nelas.

183 1377 262 1437 haud
278 1383 323 1438 est
337 1394 449 1438 nocens
465 1379 644 1456 quicumque
659 1395 718 1437 non
734 1385 840 1454 sponte
856 1384 899 1438 est
915 1395 1036 1438 nocens,

183 1475 303 1521 numu.
321 1460 499 1540 quicumque
515 1462 573 1521 late
589 1463 714 1538 ignoscit
730 1469 759 1522 et
773 1463 870 1540 parcit
884 1461 940 1523 sibi

182 1563 286 1606 errare
302 1547 424 1606 meruit:
448 1554 544 1607 morte
560 1546 693 1606 damnari
709 1545 813 1624 placet.

182 1644 264 1690 HYL.
280 1647 393 1690 nocens
409 1629 505 1690 uideri
522 1632 572 1707 qui
588 1632 664 1690 mori
680 1628 798 1707 quaerit
814 1633 904 1709 cupit.

183 1727 303 1775 nurum
320 1732 401 1774 mors
416 1715 590 1774 innocentes
604 1713 667 1774 sola
683 1714 823 1793 deceptos
838 1714 917 1774 lacit.

183 1812 264 1859 Hru.
282 1798 386 1860 Titana
401 1799 514 1874 fugies?

184 1896 305 1943 nnrnu.
553 1885 617 1960 ipse
633 1901 681 1944 me
696 1881 783 1942 Titan
798 1883 882 1961 lugit.

184 1982 265 2027 HYL.
282 1969 374 2028 uitam
389 1965 557 2046 relinques?

184 2064 306 2112 unctu.
574 2113 576 2116 ,
595 2053 750 2122 miseram,
767 2061 800 2112 ut
814 2050 935 2113 Alciden
951 2045 1071 2130 sequar.

127 2146 134 2194 ἱ
182 2150 264 2196 nnn.
281 2142 418 2215 superest
433 2145 463 2196 et
477 2154 564 2196 auras
580 2134 628 2196 ille
645 2136 787 2196 caelestes
804 2136 901 2198 trahit.

184 2233 305 2281 numm
322 2223 401 2282 uinci
415 2220 560 2281 Hercules
576 2239 642 2281 cum
659 2222 768 2299 potuit,
785 2221 855 2282 hinc
871 2221 969 2299 coepit
984 2221 1073 2280 mori.

185 2319 266 2366 nun.
282 2313 383 2366 natum
399 2305 550 2385 relinques
565 2307 684 2385 lataque
699 2305 859 2385 abrumpes
873 2307 942 2367 tua?

186 2494 390 2501 —--..—.-.

255 2613 304 2661 878
323 2614 422 2675 gerant
440 2611 466 2658 E
489 2614 587 2674 gereni
604 2606 794 2674 A‘geruntdr
823 2607 834 2676 ΙΙ
863 2612 913 2662 878
931 2612 981 2661 879
999 2616 1114 2677 uterque
1216 2587 1217 2600 ³

187 2681 260 2729 deest
279 2678 300 2728 G
317 2681 386 2728 solus
403 2695 426 2726 u.
445 2680 495 2729 879
514 2694 560 2728 om.
579 2678 641 2727 nte
663 2675 675 2744 ss
697 2679 745 2728 881
766 2678 871 2728 colenti
888 2696 909 2728 ω
935 2677 1115 2730 inmolanii

188 2747 242 2796 Gli.
260 2747 309 2795 ced
325 2747 377 2796 uid.
397 2746 478 2795 Here.
496 2745 514 2794 Ι
532 2748 584 2795 903
597 2741 608 2811 Η
623 2746 673 2797 883
693 2747 806 2810 exposui
824 2747 935 2796 RNHe.
948 2742 960 2811 ΙΙ
976 2747 1026 2796 885
1047 2763 1117 2796 ere·

187 2818 246 2863 tum
265 2813 289 2862 Ε
308 2810 320 2880 Η
344 2830 360 2862 α
378 2831 402 2866 u.
415 2814 465 2863 888
483 2815 519 2862 ad
533 2830 558 2862 u.
572 2814 622 2863 928
640 2829 693 2862 eum
705 2814 789 2878 Hyllo
808 2815 920 2878 loquitur
938 2814 1069 2864 Deianira
1089 2815 1117 2865 E

99 2885 104 2891 ‘
186 2881 371 2932 euinNutrice
391 2881 415 2930 A
440 2877 452 2946 Η
477 2882 526 2930 889
547 2881 653 2930 esthic
671 2881 719 2930 ER
750 2885 792 2931 est
814 2882 877 2931 hoc
895 2881 1014 2945 Scaliger
1044 2887 1117 2932 esto

187 2950 250 2999 hoc
264 2950 339 2998 NHs.
358 2949 458 3010 isticap
477 2949 549 2998 istuc
562 2948 586 2997 Α
603 2943 616 3014 Η
632 2949 681 2998 891
701 2949 760 2998 fato
779 2957 817 3013 εψ
835 2950 922 2999 facto
943 2949 1025 3001 αΒο.
1044 2945 1059 3014 ΙΙ
1078 2954 1120 3000 ut

188 3022 297 3081 parcat
318 3017 395 3068 Gron.
416 3012 428 3082 Η
448 3017 498 3066 893
518 3017 565 3079 qui
583 3017 652 3066 mori
671 3019 779 3080 quaerit
796 3017 822 3065 E
843 3021 958 3066 mortem
978 3018 1073 3080 querit
1093 3018 1120 3068 R

188 3087 237 3148 qui
255 3086 327 3149 petit
347 3089 462 3134 mortem
486 3083 511 3133 A
540 3087 626 3132 morte
645 3083 717 3148 petii
732 3099 750 3148 g
772 3080 784 3149 ll
808 3086 857 3135 895
881 3085 1035 3148 fugiensE
1071 3085 1119 3134 fu-

189 3154 248 3216 gies
266 3153 292 3202 Α
320 3148 332 3218 ll
360 3154 421 3217 ipse
439 3167 481 3200 me
501 3151 586 3201 Titan
603 3151 624 3203 f.
642 3152 667 3200 A
686 3152 816 3201 thiestem
835 3153 908 3201 titan
924 3153 945 3204 f.
964 3151 989 3200 Ε
1018 3149 1030 3218 Η
1062 3153 1121 3202 896

188 3221 272 3269 HYL.
285 3220 377 3270 Vitam
391 3219 550 3283 relinquens
564 3219 701 3271 miseram.
720 3219 795 3268 DEI.
814 3219 851 3268 Vt
870 3236 895 3270 a.
915 3235 937 3268 s.
950 3219 976 3268 Ε
999 3219 1023 3269 N
1044 3215 1077 3284 (i.
1091 3235 1121 3274 e.

189 3285 299 3350 Nutrix)
318 3289 350 3337 V.
371 3287 509 3351 relinques
527 3287 637 3336 misera.
664 3289 716 3338 De.
736 3293 765 3336 at
783 3287 814 3337 A.
836 3302 857 3337 s.
877 3289 902 3337 A
932 3287 1006 3337 DEI.
1024 3286 1121 3337 Mise-

189 3368 247 3399 ram
266 3358 297 3400 ut
314 3353 346 3402 A.
367 3371 388 3405 s.
409 3355 487 3404 Gron.
510 3353 558 3416 (Vt
576 3354 624 3403 Eli
643 3357 757 3405 ‘meat’
777 3356 865 3404 Delrio
889 3355 926 3405 At
944 3355 968 3402 A
994 3355 1030 3404 Et
1050 3355 1122 3404 lito

190 3417 227 3465 At
244 3418 275 3469 A.
295 3435 395 3484 sequar
413 3437 494 3484 emp
523 3419 534 3486 ΙΙ
562 3423 612 3472 897
633 3426 660 3472 ei
678 3423 703 3473 Α
722 3426 753 3471 ut
770 3422 796 3472 E
818 3419 831 3489 ll
