2502 3978
181 183 242 248 148
451 197 484 246 n.
509 197 642 244 ansani
666 195 823 244 senecas

176 337 295 398 reclinis
311 339 373 416 ipse
391 335 469 396 sedis
484 343 604 423 auratae
619 343 685 396 toro

176 421 279 484 solitos
294 423 418 482 amictus
433 429 533 482 mente
548 438 609 480 non
624 437 694 480 sana
711 420 823 480 abnuit.

125 507 164 566 b''
218 521 275 568 ΡΗ.
299 500 463 566 Remouete
477 504 604 566 famulae
619 522 751 583 purpura
768 511 855 583 atque
871 521 944 564 auro
960 501 1060 563 inlitas
1116 513 1166 563 395

176 598 283 653 uestes.
312 589 419 670 procul
435 591 472 650 sit
488 590 609 650 muricis
623 590 691 668 tyrii
707 588 814 656 rubor,

178 675 271 758 [quae
284 679 339 748 fila
353 678 448 736 ramis
462 677 561 736 ultimi
575 675 665 734 Seres
678 671 803 754 tegunt]

175 761 277 820 breuis
295 760 447 837 expeditos
462 777 536 820 zona
552 759 736 834 constringat
752 760 844 818 sinus.

176 846 278 905 ceruix
294 843 396 904 monili
412 860 506 904 uacua
521 861 577 904 nec
594 844 699 904 niueus
714 840 789 921 lapis

176 929 304 989 deducat
318 929 398 989 auris
413 927 502 988 indici
518 927 629 988 donum
645 929 746 988 maris.

175 1013 268 1073 odore
284 1012 373 1072 erinis
389 1030 509 1091 sparsus
525 1013 636 1090 assyrio
652 1018 752 1073 uacet:

177 1100 218 1158 sie
233 1105 347 1158 temere
362 1099 457 1158 iactae
472 1095 547 1157 ceila
563 1096 745 1176 perfundant
761 1115 863 1157 comae

176 1199 357 1258 umerosque
372 1199 518 1252 summos,
543 1181 681 1242 cursibus
696 1189 792 1242 motae
808 1182 873 1241 citis

176 1274 282 1327 uentos
297 1273 468 1344 sequantur.
499 1265 585 1326 laeua
600 1285 632 1326 se
648 1265 806 1345 pharetrae
822 1265 919 1327 dabit:

95 1391 99 1400 ·
175 1349 280 1411 hastile
296 1350 394 1411 uihret
409 1350 510 1411 dextra
528 1349 716 1412 thessalicum
732 1369 847 1412 manus,

177 1433 279 1515 [Talis
291 1439 391 1496 seuere·
402 1442 501 1496 mater
515 1437 677 1512 Hzppolyta'
686 1434 776 1514 suit]

142 1518 168 1579 a'
222 1517 323 1589 Qualis
337 1518 446 1580 relictis
462 1519 560 1596 frigidi
575 1521 659 1597 penti
674 1519 769 1598 plagis

177 1603 237 1679 egit
252 1611 388 1665 cateruas
404 1605 525 1664 atticum
542 1603 662 1682 pulsans
678 1604 773 1664 selum

176 1687 307 1747 Tanaitis
323 1695 372 1748 aut
387 1687 509 1749 Maeotis
525 1695 555 1748 et
569 1688 647 1749 nodo
664 1707 764 1748 comas

177 1772 273 1849 coegit
288 1772 443 1848 emisitque
459 1771 558 1832 lunata
573 1771 651 1834 tatus

176 1863 307 1932 protecta
324 1856 417 1935 pelta:
440 1855 507 1916 talis
522 1857 552 1917 in
568 1855 657 1917 siluas
672 1856 761 1918 ferar.

177 1951 280 1999 cnon.
304 1958 416 2018 sepone
431 1947 568 2018 questus:
591 1959 650 2002 nen
666 1939 746 2003 leuat
761 1943 886 2004 miseros
901 1940 1004 2012 dolor,

176 2030 293 2098 agreste
309 2025 392 2102 placa
408 2026 532 2102 uirginis
547 2043 657 2086 numen
675 2026 756 2088 deae.

435 2238 665 2287 meronrrvs.
689 2241 831 2288 nvrmx.
922 2225 925 2232 “

145 2383 161 2417 a
221 2373 300 2418 nvr.
324 2359 436 2436 Regina
453 2377 609 2421 nemorum
625 2361 687 2422 sola
704 2381 781 2441 quae
796 2371 914 2426 mentes
930 2364 1004 2426 eolis

177 2447 207 2501 et
221 2460 279 2502 una
295 2442 365 2503 solis
381 2443 530 2504 montibus
545 2445 653 2507 celeris
668 2447 738 2516 dea,

176 2535 318 2586 conuerte
333 2529 430 2588 tristes
445 2529 577 2589 omnium
592 2530 622 2589 in
639 2530 743 2592 melius
759 2532 863 2592 minas,

142 2633 160 2682 b
223 2608 247 2667 0
262 2627 369 2686 inagna
385 2611 474 2672 siluas
489 2613 566 2673 inter
582 2622 611 2675 et
624 2615 708 2675 lusos
724 2615 778 2676 dea

245 2861 295 2909 395
320 2877 466 2961 purpuralm
493 2866 517 2913 Α
548 2877 710 2931 purpurare
739 2875 947 3001 surpuraatque
970 2888 1042 2923 eorr.
1063 2889 1101 2924 eae

176 2927 489 3050 ffifiguffessffggiuzifflg·
500 2932 995 3061 3311811ξὶοἰῆῑξὶοὲεέἓῗίιέςιᾱιῗεονζιιαζι
1008 2937 1103 3058 ew}

175 3072 229 3134 enm
248 3059 325 3112 NHs.
343 3059 355 3128 tl
374 3066 425 3114 409
443 3067 567 3116 tanatois
586 3067 630 3130 (at.
644 3071 764 3120 tanetris
775 3075 817 3122 uel
828 3073 935 3138 tannis)
956 3080 1006 3125 aut
1024 3091 1102 3126 meo·

177 3128 211 3171 tis
225 3121 430 3205 (atmetoisW
454 3137 502 3182 aut
521 3137 614 3186 tanais
634 3141 682 3186 aut
695 3141 814 3190 maeotis
832 3156 851 3191 α
870 3143 964 3192 tanais
978 3143 1032 3193 alti
1051 3149 1104 3194 sut

177 3197 294 3266 inseetis
312 3195 337 3243 E
355 3199 471 3248 tansitis
490 3206 538 3250 sut
555 3205 674 3254 maeotis
692 3209 748 3255 eod.
773 3209 916 3260 Vossianus
932 3207 944 3276 [Ι
965 3213 1016 3260 411
1036 3227 1101 3276 pro-

176 3260 251 3306 iecta
268 3263 300 3312 ei.
318 3263 342 3311 Ι.
351 3265 429 3315 Gran.
454 3262 466 3330 Η
485 3268 535 3318 412
554 3269 700 3322 GHORVS
719 3275 745 3322 Ε
762 3275 845 3328 NVT.
865 3277 889 3326 A
910 3273 923 3342 ss
943 3277 1053 3343 depone
1073 3280 1101 3330 A

177 3332 278 3400 5890119
297 3341 310 3380 ε
325 3339 386 3392 post
403 3333 468 3382 laune
485 3352 508 3384 u.
522 3337 547 3384 in
560 3337 585 3385 A
604 3341 696 3400 tegitur
713 3359 739 3390 u.
755 3345 806 3391 367
829 3339 841 3408 ΙΙ
864 3351 924 3408 post
937 3348 992 3397 413
1010 3347 1104 3396 ΗΥΡ·

178 3383 331 3470 POL1rys
350 3399 487 3450 NVTRIX
504 3401 529 3449 E
547 3404 645 3454 Nutrix
657 3408 819 3474 Ypolitusat·
835 3427 1009 3476 personarum
1022 3421 1103 3466 notae

176 3448 267 3500 desunt
284 3472 310 3506 m
328 3477 346 3509 οι
366 3459 378 3527 ss
397 3468 446 3514 417
465 3468 537 3517 inter
555 3471 655 3522 educos
673 3474 698 3522 Ε
720 3471 732 3542 ΙΙ
