2526 3986
169 169 210 234 68
451 183 482 229 n.
499 181 630 229 anunm
647 181 803 230 suuncio

107 353 117 362 ·
136 343 153 394 d
213 325 317 386 llunc
333 324 445 384 lacinus
461 323 566 398 ingens
582 339 672 382 ausus
687 329 837 398 assumpta
852 322 881 380 in
897 321 994 388 scelus

118 463 120 468 .
170 414 308 471 consorte
323 408 417 468 nostri
432 407 563 484 pertidus
578 405 700 466 thalami
716 406 825 467 auehit.

169 495 238 555 hinc
255 511 343 553 omne
359 491 451 553 cladis
467 499 586 552 mutuae
601 489 684 551 fluxit
699 489 818 551 malum.

170 597 225 658 per
240 596 334 655 regna
349 576 483 665 trepidus
500 574 568 637 exul
584 577 683 636 erraui
697 594 772 636 mea.

170 682 239 744 pars
254 661 334 724 nulla
350 663 467 740 generis
481 668 543 722 tuta
559 660 596 721 ab
612 661 723 721 insidiis
737 667 834 720 uacat.

135 759 161 817 d'
217 749 364 826 Corrupta
380 749 524 814 coniunx,
541 747 648 824 imperi
664 762 770 822 quassa
787 752 831 805 est
845 745 925 814 noes,

117 849 126 897 Q
172 834 277 894 domus
294 849 397 908 aegra,
416 831 522 892 dubius
538 831 657 907 sanguis
673 837 732 907 est,
751 832 826 889 certi
841 830 914 890 nihil

173 920 229 979 nisi
244 919 336 978 irater
352 917 453 977 hostis.
480 914 549 994 quid
566 915 685 993 stupes?
701 913 821 975 tandem
837 916 934 992 incipe

173 1004 331 1080 animoque
343 1019 431 1066 sume
447 998 602 1060 Tantalum
619 1006 649 1059 et
663 997 804 1079 Pelopem
820 1001 932 1077 aspice:

173 1088 209 1150 ad
225 1089 299 1148 haec
315 1104 420 1147 manus
436 1083 570 1164 exempla
585 1092 858 1162 poscunturmcae.

132 1191 156 1256 ,d
216 1172 341 1232 Proiare
356 1172 454 1232 dirum
471 1188 526 1248 qua
544 1175 633 1248 caput
648 1176 775 1230 mactem
791 1172 849 1229 uia.

174 1271 246 1318 sar.
275 1257 356 1316 lerro
372 1261 546 1334 peremptus
561 1255 694 1331 spiritum
710 1255 864 1315 inimicum
880 1265 996 1332 expuat.

173 1356 252 1402 ΑΤΒ.
280 1340 317 1401 de
332 1341 391 1400 fine
406 1357 520 1418 poenae
535 1339 676 1418 loqueris
694 1355 749 1416 ego
766 1356 894 1415 poenam
909 1339 987 1400 uolo.

174 1427 300 1506 perimat
315 1433 457 1503 tyrannus
473 1422 562 1494 lenis,
578 1425 608 1483 in
624 1441 718 1501 regno
734 1442 801 1484 meo

174 1529 255 1572 mors
272 1512 447 1588 inpetratur.
468 1535 470 1538 ·

175 1609 249 1657 SAT.
375 1643 377 1649 ,
463 1592 562 1654 nulla
587 1594 887 1673 tepietasmouet?
933 1603 936 1620 ’

140 1695 165 1751 d'
220 1694 299 1741 Aru.
323 1679 441 1740 Excede
456 1681 588 1758 pietas,
605 1681 630 1738 si
645 1677 733 1738 modo
748 1679 779 1738 in
795 1686 895 1739 nostra
911 1678 999 1739 domo

119 1828 120 1833 ,
176 1783 315 1843 umquam
332 1766 421 1826 inisti.
448 1765 511 1824 dira
528 1765 674 1826 furiarum
690 1764 800 1824 cohors

177 1851 350 1926 discorsque
366 1841 494 1928 Erinnys
514 1853 614 1910 ueniat
630 1855 658 1908 et
673 1849 805 1926 geminas
821 1850 900 1910 iaces

177 1937 314 2011 Megaera
329 1935 473 2012 quatiens.
502 1951 561 1994 non
577 1935 647 1996 sans
662 1951 770 2010 magno
787 1951 886 1994 meum

176 2019 261 2080 ardet
275 2019 377 2079 lurore
392 2025 510 2095 pectuS,
526 2019 634 2098 inpleri
649 2019 730 2079 iuuat

177 2104 289 2164 maiore
304 2115 446 2163 monstro.

144 2209 158 2243 e
217 2200 291 2248 sar.
503 2188 578 2260 Quid
595 2189 665 2249 noui
680 2187 802 2248 rabidus
818 2188 923 2248 struis?

178 2285 257 2332 ΑΤΒ.
281 2271 324 2331 nil
339 2271 419 2350 quod
435 2272 578 2335 doloris
594 2275 691 2352 capiat
706 2274 815 2332 assueti
831 2273 960 2333 modum.
1114 2292 1165 2340 255

179 2353 292 2417 nullum
307 2356 472 2436 relinquam
488 2359 602 2420 lacinus
617 2365 647 2419 et
661 2356 774 2418 nullum
791 2365 836 2418 est
850 2359 929 2418 satis.

144 2437 167 2497 e'
222 2453 297 2504 sar.
315 2442 459 2503 Ferrum?

179 2540 257 2588 ΑΤΒ.
426 2545 533 2604 parum
548 2535 601 2588 est.

179 2623 253 2671 sar.
585 2611 656 2690 quid
671 2612 764 2690 ignis‘l
1069 2624 1094 2665 r,
1110 2625 1206 2666 cxxrn

179 2708 259 2755 ΑΤΒ.
566 2747 567 2752 ,
585 2731 588 2737 ·
733 2699 901 2757 etiamnunc
916 2713 1020 2774 parurn
1038 2705 1095 2758 est.

180 2791 255 2840 sar.
272 2796 401 2857 quonam
417 2797 489 2857 ergo
502 2779 563 2841 telo
578 2787 677 2841 tantus
693 2788 794 2842 utetur
809 2780 869 2841 dol
879 2781 936 2840 orl

179 2877 259 2924 Aru.
274 2865 340 2941 ipso
357 2863 491 2943 Thyeste.
824 2921 825 2926 ,

181 2961 255 3010 sar.
521 2951 617 3033 maius
631 2951 689 3012 hoc
703 2953 747 3012 ira
764 2959 808 3013 est
822 2949 941 3011 malum.

150 3049 164 3098 r
215 3047 295 3095 ΛΤΒ.
323 3033 439 3094 Fateor.
466 3034 653 3097 tumultus
667 3044 788 3114 pectora
805 3041 988 3098 attonitus
1004 3038 1099 3114 quatit
1116 3055 1172 3104 260
1258 3037 1259 3088 l

179 3121 357 3196 penitusque
373 3118 474 3189 uoluit,
491 3123 593 3202 rapior
609 3127 638 3184 et
653 3139 722 3199 quo
738 3123 880 3191 nescio,

248 3324 297 3372 237
322 3299 470 3372 errauitn
498 3324 590 3374 erratui
607 3324 633 3373 Ε
665 3320 679 3390 ss
711 3325 763 3376 238
784 3323 862 3375 nulla
885 3325 973 3387 nostri
991 3321 1100 3388 (nostra

164 3385 253 3450 ·ψ)Α
276 3388 353 3438 nulla
372 3392 482 3454 generis
500 3390 567 3441 Ean
601 3387 613 3457 ΙΙ
653 3393 704 3444 244
721 3396 823 3445 iaotem
841 3393 866 3443 E
888 3397 1008 3444 mactem
1026 3395 1052 3444 Α
1076 3389 1088 3459 Η

182 3453 232 3500 248
250 3457 414 3518 impetretur
431 3474 450 3508 α
479 3455 491 3523 ll
