2550 3978
520 201 681 248 TROADES

145 340 313 419 tumuloque
329 341 440 401 donum
456 342 543 402 detur
559 347 588 401 et
603 341 718 402 eineres
734 342 810 420 riget

145 433 172 486 et
185 427 299 485 facinus
314 432 399 486 atrox
416 426 512 485 caedis
528 433 560 486 nt
576 425 719 486 thalamos
735 427 861 488 nocent?

145 529 200 570 non
217 511 320 588 pau'ar.
354 511 381 570 in
398 528 445 570 me
461 510 546 589 culpa
563 518 739 570 cunctorum
756 511 834 573 redit

147 594 211 674 [qui
224 611 282 655 non
297 603 381 656 uetat
393 613 543 670 peccare,
561 613 628 656 enm
641 600 750 671 possit,
769 595 873 674 iubet]
1077 605 1129 654 300

117 706 143 742 a.
185 693 310 739 runnu.
336 677 493 739 Nullumne
508 678 628 739 Achillis
650 682 810 757 praemium
828 697 928 740 manes
944 680 1057 740 serent?

145 777 251 824 onon.
277 765 373 824 serent
390 770 419 824 et
435 763 515 826 iilum
532 763 667 825 laudibus
683 766 781 824 cuncti
798 771 903 824 canent

146 866 341 926 magnumque
357 856 453 908 terrae
470 865 576 910 nomeu
593 849 709 925 ignotae
726 849 854 909 audient.

117 935 138 992 η’
186 931 270 1002 Quod
287 935 311 993 si
327 931 442 993 leuatur
459 935 600 1011 sanguine
616 934 714 993 intuso
730 935 821 1002 einis,

146 1019 239 1094 opima
257 1017 374 1096 phrygii
390 1015 464 1077 coila
481 1019 640 1078 caedantur
656 1019 754 1095 gregis

146 1101 274 1178 fluatque
291 1101 363 1160 nulii
378 1100 486 1162 flebilis
503 1103 589 1162 matri
606 1120 704 1162 eruor.

119 1188 147 1245 a''
188 1185 259 1255 Quis
275 1187 329 1246 iste
346 1204 410 1246 mos
427 1195 471 1246 est
488 1186 604 1263 quando
619 1187 648 1244 in
665 1188 785 1246 inferias
801 1187 890 1247 homo
907 1194 950 1246 est

146 1272 286 1346 inpensus
302 1271 448 1332 hominis?
472 1271 595 1330 detrahe
611 1271 751 1332 inuidiam
769 1279 821 1331 tuo

147 1356 304 1433 odiumque
320 1356 396 1432 patri
413 1373 501 1433 quem
518 1355 575 1415 coli
592 1372 684 1432 poena
703 1355 797 1416 iubes.
878 1391 884 1403 ·

117 1449 131 1498 h
189 1453 314 1500 PYRRH.
339 1439 363 1500 0
380 1441 490 1500 tumide
506 1458 611 1515 rernm
623 1439 692 1500 dnm
708 1439 904 1500 secundarum
921 1447 1014 1500 status
1079 1449 1129 1497 310

36 1527 37 1532 ’
147 1523 256 1583 extollit
272 1525 400 1592 animos,
417 1525 517 1584 timide
533 1543 600 1584 cum
617 1527 742 1584 increuit
759 1532 865 1585 metus,

146 1626 247 1686 regum
265 1616 388 1687 tyranne
403 1610 501 1668 iamne
516 1608 697 1668 flammatum
715 1611 794 1685 geris

146 1711 245 1752 amore
261 1692 357 1753 subito
374 1701 477 1771 peetus
493 1711 526 1754 an
542 1693 663 1754 ueneris
680 1695 793 1752 nonae?

147 1777 262 1839 solusne
278 1779 386 1838 totiens
401 1776 493 1854 spolia
510 1778 547 1838 de
563 1776 647 1837 nohis
664 1778 761 1837 feres?

146 1860 199 1921 hac
215 1861 317 1922 dextra
333 1860 437 1922 Achilli
453 1863 601 1922 uictimam
616 1862 738 1922 reddam
755 1880 849 1922 suam.

116 1944 138 2001 b'
190 1945 283 2015 Quam
300 1947 324 2007 si
341 1963 429 2022 negas
445 1947 613 2024 retinesqne
629 1947 772 2007 maiorem
789 1945 866 2006 dabo

146 2031 321 2108 dignamque
337 2048 424 2108 qnam
441 2031 490 2092 det
505 2030 646 2109 Pyrrhus.
680 2039 709 2091 et
725 2033 847 2090 nimium
865 2030 914 2090 din

146 2134 160 2174 a
178 2114 267 2174 caede
283 2123 382 2175 nostra
398 2115 478 2190 regia
495 2124 589 2176 cessat
606 2132 711 2176 manus

146 2217 306 2277 paremque
322 2200 416 2278 poscit
431 2199 575 2264 Priamus

146 2296 255 2343 anun.
614 2283 691 2344 hand
709 2284 844 2361 equidem
862 2301 937 2360 nego

146 2365 201 2426 hoo
217 2386 283 2428 esse
299 2368 404 2446 Pyrrhi
421 2369 580 2428 maximum
598 2369 627 2427 in
645 2367 721 2426 bello
738 2367 829 2428 denus
1081 2374 1131 2422 320

146 2469 234 2512 saeuo
251 2459 423 2530 peremptus
440 2471 510 2512 ense
527 2452 604 2530 qnod
621 2452 755 2512 Priamus
771 2453 845 2511 iacet

146 2535 269 2615 supplex
285 2545 435 2614 paternus.

36 2617 37 2698 J
116 2643 129 2676 e
187 2634 313 2680 PYRRH.
469 2619 624 2700 Supplices
640 2621 733 2680 nostri
750 2622 840 2697 patris

36 2705 37 2708 ’
147 2705 303 2784 hostesque
320 2705 438 2766 eosdem
456 2707 601 2766 nouimus.
633 2705 766 2766 Priamus
783 2711 880 2766 tamen

147 2807 287 2866 praesens
304 2792 432 2868 rogauit,
451 2799 481 2850 tu
497 2792 583 2864 grani
598 2790 724 2866 pauidus
740 2797 820 2850 metu

148 2893 200 2934 neo
216 2875 252 2934 ad
270 2875 432 2951 rogandum
450 2875 534 2934 fortis
551 2876 630 2934 Aiaci
647 2893 751 2952 preces
1080 2881 1131 2930 325
1201 2916 1204 2920 -

149 2959 305 3037 Ithacoque
322 2959 443 3020 mandas
460 2958 575 3019 clausus
591 2969 678 3038 atque
695 2960 808 3020 hostem
824 2969 964 3018 tremens.
1010 2970 1125 3010 1³-XXV11

214 3181 264 3229 207
283 3179 453 3242 tumultuque
473 3174 519 3244 ΕΗ
532 3178 630 3226 donnm
649 3185 686 3241 εψ
707 3179 776 3228 dono
797 3195 814 3227 α
826 3175 837 3243 Η
850 3179 900 3228 203
919 3179 1020 3226 nocent
1039 3175 1063 3223 Ε

147 3295 242 3330 uocem
254 3284 279 3329 Α
292 3277 304 3344 Η
317 3283 366 3331 300
385 3279 467 3329 deleni
477 3274 488 3343 Η
501 3280 551 3328 304
569 3253 679 3328 linatur
697 3277 744 3342 (tit.
761 3295 777 3327 a
795 3295 824 3326 m.
845 3275 934 3338 tertio)
953 3277 978 3326 Ε
989 3273 1001 3342 Η
1013 3278 1063 3326 300

147 3347 248 3397 flebilis
267 3355 305 3411 εψ
324 3347 410 3398 flebili
429 3361 446 3395 α
458 3342 470 3411 Η
487 3348 535 3396 307
555 3346 633 3396 homo
654 3351 696 3394 est
714 3346 752 3396 εΑ
771 3342 782 3410 Η
795 3347 844 3394 308
864 3345 981 3396 hominis
1000 3344 1025 3392 E
1043 3350 1061 3393 t.

148 3413 166 3462 I
168 3415 244 3467 Gron.
258 3416 328 3479 Mop.
349 3413 452 3465 homini
464 3415 488 3463 Α
507 3413 586 3462 homo
600 3414 616 3461 i.
630 3413 733 3464 homini
747 3419 789 3461 eat
801 3413 851 3467 Bo.
865 3409 876 3477 Η
894 3414 942 3462 311
958 3411 1063 3462 estollit

149 3477 326 3548 Eflinerenit
344 3483 369 3531 E
386 3481 524 3544 increpuit
544 3481 568 3530 Α
580 3477 591 3546 Η
604 3484 653 3530 313
672 3481 763 3530 subito
783 3480 832 3543 Eur
852 3479 933 3530 solito
955 3482 976 3528 Α
1007 3477 1019 3546 Η

201 3581 324 3616 sensurus
339 3575 419 3618 anau.
825 3561 864 3625 16
