2550 3978
159 154 224 219 280
442 173 472 220 u.
489 174 624 222 euxini
641 175 798 224 sunnone

131 308 157 366 b'
287 311 330 371 Et
345 319 382 372 tu
399 331 490 390 quae
507 315 616 392 gemini
631 317 751 392 praeuia
768 319 910 396 temporis

244 396 328 455 larde
344 395 427 457 stella
444 398 523 458 redis
539 417 658 476 semper
674 401 857 464 amantibus:

244 487 272 538 te
288 487 399 541 matres
415 483 518 542 auidae
533 492 561 544 le
578 487 701 563 cupiunt
716 504 810 546 nurus

243 567 461 644 quamprimum
478 568 577 629 radios
593 587 733 648 spargere
749 571 872 638 lucidos.

284 732 407 794 Vincil
424 737 574 812 uirgineus
591 738 679 800 decor

240 816 328 895 longe
345 821 497 896 cecropias
513 839 621 895 nocue,

240 909 274 960 et
290 921 381 981 quas
396 905 516 984 Taygeti
531 907 610 984 iugis

239 995 359 1048 exercet
374 990 514 1050 iuuenum
532 992 619 1051 modo

239 1072 333 1142 muris
349 1073 428 1150 quod
445 1082 526 1134 caret
542 1076 684 1153 oppidum

238 1161 272 1215 el
287 1173 377 1232 quas
393 1160 496 1218 aonios
511 1158 588 1220 latex

237 1239 425 1320 Alpheosque
441 1259 525 1303 sacer
542 1244 628 1306 lauat.

283 1409 427 1470 Cedent
442 1415 561 1472 aesonlo
578 1413 647 1474 duci

238 1489 281 1572 [si
290 1491 397 1566 formo
411 1500 485 1556 uelit
500 1497 635 1578 auspici]

235 1577 336 1654 proles
351 1577 482 1640 fulminis
497 1582 616 1659 inprobi

236 1668 315 1741 aplal
331 1664 380 1739 qui
396 1666 461 1742 iuga
480 1666 616 1742 tigribus,

234 1763 363 1806 necnon
381 1750 431 1824 qui
447 1751 577 1829 tripodas
594 1759 693 1812 mouet

234 1831 327 1890 irater
343 1833 465 1910 uirginis
481 1853 618 1912 asperae,

234 1915 341 1976 cedet
357 1917 476 1978 Castore
493 1937 559 1979 cum
576 1939 630 1982 suo

232 1999 335 2059 Pollux
353 2002 499 2063 caestibus
515 2007 620 2084 aptior.

276 2168 325 2228 Sic
341 2171 383 2230 sic
399 2171 554 2233 caelicolae
570 2193 677 2252 precor

231 2253 362 2314 uincet
376 2254 484 2318 semina
502 2261 656 2336 coniuges,
717 2299 720 2301 -

231 2338 279 2396 uir
294 2337 382 2416 longe
398 2350 551 2418 superet
567 2347 657 2406 uiros.

227 2673 301 2734 haec
318 2694 383 2736 curn
402 2678 528 2740 femineo
545 2686 676 2744 conslilit
694 2686 722 2744 in
739 2687 846 2752 claoro:

227 2760 314 2818 unius
330 2759 422 2822 facies
437 2766 584 2840 praenilcl
599 2769 747 2830 omnibus.

105 2933 123 2982 b
269 2927 329 2989 Sic
344 2949 412 2990 curn
428 2931 489 2992 sole
505 2923 582 3010 peril
597 2937 731 2998 sidereus
746 2940 836 3000 decor

138 3009 139 3014 ’
225 3018 254 3071 el
269 3012 352 3074 densi
367 3014 481 3076 lalilanl
494 3017 645 3081 Pleiadum
663 3041 782 3101 greges,

207 3182 239 3230 77
258 3186 286 3231 el
304 3198 375 3248 quae
394 3185 419 3236 Α
439 3190 467 3235 et
486 3203 554 3252 quas
574 3203 587 3240 ε
607 3185 619 3256 d
640 3193 672 3242 78
692 3198 823 3242 exercent
842 3196 866 3243 A
887 3201 998 3246 exercet
1016 3211 1029 3248 ε
1046 3194 1054 3262 d

137 3247 169 3296 82
185 3256 247 3312 poci
264 3267 289 3298 u.
303 3254 335 3302 83
354 3255 446 3317 legitur
462 3256 488 3302 in
508 3256 544 3315 A,
564 3258 684 3310 hocloco
703 3264 729 3308 in
741 3260 773 3320 E,
793 3264 877 3312 delem'
893 3279 945 3312 cum
962 3265 1036 3314 221).ι
1047 3265 1054 3330 d

136 3315 169 3363 90
193 3317 325 3381 celicolae
345 3319 370 3368 Ε
393 3318 457 3384 (litt.
477 3323 533 3373 icol
556 3341 572 3374 a
595 3343 625 3378 m.
645 3331 661 3376 2
680 3331 705 3376 in
723 3330 794 3390 res.)
823 3325 835 3396 ΙΙ
864 3332 896 3380 92
919 3329 1000 3398 longe
1024 3339 1056 3382 ut

136 3389 249 3444 superat
266 3385 306 3433 ln
324 3385 406 3452 longe
426 3395 537 3453 superet
554 3393 595 3444 Αε
607 3389 619 3460 [Ι
632 3397 663 3444 93
682 3398 796 3446 lacunam
813 3400 902 3447 statuit
919 3399 984 3449 ΕΡ.
998 3396 1009 3460 ΙΙ
1021 3403 1054 3452 94

135 3449 215 3497 unius
234 3450 259 3498 E
277 3450 362 3515 (prius
380 3471 398 3504 u
415 3457 441 3506 in
458 3459 527 3519 ras.)
539 3455 551 3526 ΙΙ
563 3463 595 3511 95
614 3462 758 3525 syderibus
777 3466 801 3514 Α
821 3465 945 3516 sidereus
963 3467 989 3516 E
1011 3463 1024 3534 Η
