2516 3998
180 217 283 266 XLllll
551 211 750 262 PRAEFATIO

181 378 214 434 ad
235 375 318 432 Theb.
340 374 418 438 402.
438 373 660 447 Zinzerlingi
686 371 925 444 Thuringicns
946 369 1126 442 (Gothannsi)

181 461 216 518 ci.
232 459 309 517 Herc.
326 459 398 517 814.

244 547 459 618 Argumenta
482 543 683 616 tragoediarum
705 557 765 598 curn
787 541 877 598 omnia
891 540 1054 598 recentioris
1070 541 1125 596 ori·

180 629 255 704 ginis
270 631 327 686 sint
343 646 404 686 cum
420 631 468 685 hac
490 628 609 684 editione
624 628 792 700 coniungere
807 625 955 682 noluimus.
985 623 1057 682 Sunt
1077 642 1125 682 au·

183 722 236 770 tarn
253 712 375 788 quinque
390 729 485 769 eorum
501 727 616 786 genera:
641 711 668 766 1.
684 727 753 784 quae
768 711 872 768 ultimis
888 709 1036 768 Aldinae
1051 709 1127 768 loliis

181 799 306 872 inpressa
327 797 439 857 suntab
456 799 516 870 ipso
533 796 563 852 H.
581 797 729 854 Arrantio
753 795 882 852 uidentur
897 797 1049 868 composita
1065 811 1126 852 esse

183 883 209 938 2.
234 890 394 956 argumenta
416 882 544 939 editionis
566 879 776 936 basiliensis
799 879 937 952 descripta
959 887 1023 935 sunt
1044 895 1078 938 ex
1093 879 1124 935 N.

182 967 352 1023 'lranethi
371 967 563 1024 conmentariis
587 964 722 1038 (continet
743 980 791 1020 eos
814 964 898 1020 codex
917 963 1001 1020 Hehd.
1018 981 1045 1020 n.
1063 962 1124 1034 14).

183 1051 210 1108 3.
235 1049 381 1124 periochae
403 1053 513 1108 nomine
534 1051 672 1106 lrrtatii
694 1048 866 1107 Grammatici
889 1063 903 1104 e
923 1066 973 1105 ms.
999 1049 1058 1105 cod.
1079 1048 1126 1105 de·

182 1138 301 1210 scriptae
317 1137 461 1208 alleorgio
476 1132 600 1192 Fabricio
616 1151 671 1190 non
686 1135 820 1189 lactantii
835 1140 899 1188 sunt
911 1132 1055 1190 Thebaidis
1071 1140 1126 1190 sta·

184 1221 272 1278 tianae
293 1221 454 1295 interpretis
469 1220 517 1276 sed
532 1219 710 1276 albertini
726 1218 880 1275 Musseti.
908 1219 1079 1292 repperimus
1095 1233 1127 1274 ea

183 1307 211 1359 in
232 1303 311 1360 libris
337 1306 473 1377 gothonis.
498 1323 522 1359 v.
539 1303 658 1359 Scrineri
677 1312 742 1359 nota
764 1311 791 1358 et
807 1301 1030 1378 Wollenbergius
1053 1301 1089 1374 (Z.
1105 1301 1125 1357 i.

183 1389 213 1443 Α.
229 1405 301 1444 x1111
317 1387 421 1462 (1860)
444 1407 468 1462 p.
487 1387 577 1460 717).
613 1387 642 1443 4.
671 1387 789 1460 quaein
812 1387 932 1442 editione
953 1387 1126 1444 Gronouiaua

185 1472 302 1546 singulis
319 1473 419 1530 lahulis
435 1472 603 1546 praecedunt
619 1471 748 1528 conlinnit
763 1471 963 1528 llarnabius.
996 1470 1025 1528 5.
1046 1489 1126 1544 argu·

183 1566 274 1614 menta
295 1559 445 1614 metrica
461 1543 616 1613 a‘Bothio
638 1556 709 1612 edita
725 1563 790 1611 sunt
806 1555 1005 1630 Hieronymi
1021 1555 1125 1612 Balbi.

183 1641 297 1698 Rothius
321 1659 351 1698 ea
374 1643 526 1716 desumpsit
547 1658 579 1698 ex
595 1640 715 1698 editione
730 1639 847 1696 Caroli
861 1639 1035 1696 Hernaudi
1057 1640 1085 1712 (i.
1101 1657 1126 1696 e.

185 1727 245 1783 cod.
265 1727 352 1784 Paris
375 1726 457 1784 8035
483 1744 510 1782 u.
533 1743 616 1799 supra
637 1743 664 1798 p.
685 1740 829 1782 xxxvnu.
874 1723 1031 1798 Hieronymi
1052 1723 1126 1780 Balbi

184 1829 267 1886 opera
282 1813 390 1884 poetica
406 1811 469 1868 coll.
487 1812 511 1867 J.
527 1811 560 1866 de
575 1811 672 1866 Hetzer
685 1808 797 1864 Vindob.
816 1808 895 1865 1791
913 1809 923 1864 l
939 1807 1019 1884 247).

245 1897 388 1951 Postremo
406 1895 543 1968 quomodo
562 1895 658 1950 harum
673 1894 875 1966 tragoediarum
888 1893 1049 1949 edendarum
1062 1910 1128 1968 ope·
1143 1894 1145 1896 ’

183 1996 241 2034 rarn
255 1980 328 2034 inter
343 1996 394 2034 nos
410 1979 496 2034 simus
512 1980 606 2053 partiti
627 1985 657 2034 ut
673 1977 803 2034 breuibus
819 1977 1007 2040 ostendamus
1030 1979 1127 2050 quinas

155 2077 158 2082 ·
185 2070 301 2136 uterque
317 2063 420 2118 labnlns
443 2064 520 2136 quasi
537 2061 700 2136 peculiarem
716 2061 874 2119 recensendi
890 2062 1058 2134 prouinciam
1076 2063 1128 2118 sibi

184 2147 269 2220 elegit
291 2145 356 2218 (RP:
380 2146 416 2202 H1
431 2145 451 2201 0
467 2147 508 2204 'ln
523 2149 544 2202 A
561 2147 609 2202 Hm
627 2177 662 2186 -
680 2146 738 2202 GH:
761 2147 781 2201 Τ
798 2147 854 2202 Hir.
876 2146 930 2202 Pir.
946 2147 989 2202 ΡΗ
1008 2147 1032 2201 ill
1048 2146 1127 2218 Oct),

133 2255 135 2260 ·
183 2231 231 2287 sed
245 2233 284 2286 ita
299 2239 331 2288 ut
346 2240 373 2286 et
392 2233 421 2287 in
437 2231 594 2287 adhibendis
611 2229 717 2287 auxiliis
736 2231 838 2288 criticis
859 2237 887 2286 et
906 2232 934 2286 iu
949 2232 1044 2288 metris
1060 2247 1127 2288 con·

182 2315 330 2372 stituendis
350 2331 400 2372 nec
420 2333 475 2371 non
495 2317 522 2370 in
549 2315 746 2389 orthographia
766 2323 793 2370 et
813 2315 894 2372 modo
916 2316 1128 2390 interpungendi

184 2400 253 2457 idem
271 2417 448 2474 sequeremur
462 2399 606 2456 consilinm
621 2417 651 2455 ac
668 2402 810 2456 rationem.
840 2399 914 2456 Hanc
929 2400 1127 2473 praelationem

181 2493 210 2540 et
225 2485 328 2542 indices
345 2487 480 2542 communi
496 2484 589 2541 labore
605 2487 808 2558 conposnimns.

244 2602 408 2677 Scripsimns
424 2619 515 2659 mense
532 2603 627 2660 Martio
643 2618 845 2660 unoccnxvn.

551 2887 751 2894 Ἣ
