2550 3978
215 156 279 221 230
488 170 521 218 u.
545 169 683 216 aunum
703 168 862 252 sennenn

182 313 208 370 α’
259 312 304 371 En
320 309 376 370 alta
393 310 470 370 muri
485 309 593 370 demna
609 309 757 386 congestis
772 310 870 369 iacent

216 396 300 457 tectis
316 395 426 465 adusti,
444 395 555 472 regiam
571 394 708 454 flammae
724 391 858 454 ambiunt

216 482 371 559 omnisque
386 479 444 540 late
459 481 553 540 tumat
567 480 703 539 Assaraci
719 478 834 538 domus.

215 583 274 625 non
290 564 430 645 prohibet
445 564 546 625 auidas
560 564 678 625 flamma
695 565 818 624 uictoris
831 580 952 624 manus:

215 650 353 728 diripitur
369 649 476 710 ardens
492 648 590 709 Troia.
622 666 677 708 nec
692 647 806 708 caelum
821 654 903 726 patet

215 735 344 795 undante
360 735 456 795 iumo:
480 733 630 794 nube.ceu
647 733 738 794 densa
754 731 866 793 obsitus
943 781 945 785 .

215 827 277 880 ater
293 818 393 879 iauiila
407 817 522 898 squalet
536 818 619 878 iliaca
635 818 707 878 dies.

180 912 198 962 b
260 903 323 964 Stat
338 904 441 964 auidus
455 905 519 964 irae
533 904 630 963 uictor
646 910 674 963 et
689 901 802 963 lentum
817 901 902 962 Ilium

214 990 335 1050 metitur
352 988 445 1048 oculis
461 1007 495 1048 ac
512 987 613 1048 decem
630 987 748 1047 tandem
765 987 845 1048 ierus

214 1074 340 1150 ignoscit
355 1075 448 1134 annis.
480 1073 583 1133 horret
600 1072 745 1132 addictam
762 1089 880 1151 quoquc

214 1159 384 1235 uictumque
399 1159 535 1238 quamuis
550 1158 651 1218 uideat
665 1157 738 1217 haut
753 1156 849 1218 credit
862 1156 919 1217 sibi

213 1244 344 1319 potuisse
360 1244 447 1303 uinci.
481 1242 573 1321 spolia
590 1242 748 1321 populator
763 1242 841 1319 rapit

214 1327 369 1396 dardania,
392 1327 532 1404 praedam
549 1326 629 1388 mille
645 1345 705 1388 non
722 1327 840 1406 capiunt
856 1333 944 1390 retes

182 1435 197 1468 c
257 1412 364 1472 Testor
380 1412 504 1472 deorum
520 1429 630 1473 numen
647 1412 806 1473 aduersum
822 1411 893 1472 mihi

214 1500 387 1575 patriaeque
404 1497 519 1558 cineres
534 1505 623 1575 teque
637 1506 786 1558 rectorem
802 1497 952 1576 Phrygum

215 1599 303 1658 quem
320 1582 408 1641 Troia
425 1589 486 1642 toto
503 1583 654 1643 conditum
670 1599 763 1659 regno
779 1584 853 1660 tegit

214 1673 338 1744 tuosque
354 1683 456 1727 manes
472 1684 531 1747 quo
547 1669 627 1728 stetit
643 1675 738 1737 stante
754 1665 839 1728 liium

214 1758 243 1811 et
259 1769 313 1811 uos
328 1769 464 1812 meorum
479 1751 606 1813 liberum
623 1753 722 1828 magni
737 1769 844 1830 greges

212 1834 337 1898 umbrae
352 1837 497 1896 minores:

180 1916 203 1975 c'
540 1921 685 1999 Quicquid
702 1921 819 1982 aduersi
835 1921 955 1990 accidit,

213 2021 417 2084 quaecumque
432 2005 568 2066 Phoebas
583 2024 637 2066 ore
653 2005 802 2085 lymphato
817 2005 921 2067 furens

213 2089 294 2148 credi
310 2089 365 2150 deo
381 2097 499 2150 uetante
515 2091 661 2171 praedixit
676 2090 768 2160 mala,

172 2197 173 2201 ¹
212 2173 296 2250 prior
311 2173 431 2235 Hecuba
449 2176 511 2236 uidi
526 2176 648 2252 grauida
665 2193 721 2236 nec
737 2175 815 2236 tacui
832 2181 928 2255 metus

212 2263 241 2317 et
256 2276 332 2318 uana
348 2269 430 2319 uates
445 2268 513 2321 ante
528 2259 722 2322 Cassandram
738 2261 790 2320 iui.

176 2341 204 2400 b'
257 2341 323 2402 Non
339 2351 442 2404 cautus
457 2345 541 2420 ignes
556 2345 674 2406 ithacus
689 2353 740 2405 aut
754 2345 845 2406 lthaci
862 2362 961 2406 comes

211 2433 375 2489 nocturnus
391 2429 420 2488 in
438 2447 492 2490 uos
507 2431 616 2507 sparsit
631 2438 681 2490 aut
696 2429 785 2490 iaiiax
801 2429 909 2490 Sinon:

210 2529 295 2571 meus
309 2514 386 2590 ignis
401 2514 455 2574 iste
473 2522 531 2582 est,
548 2513 662 2574 facibus
679 2515 788 2574 ardetis
805 2515 887 2575 meis
1147 2525 1179 2574 4ο
1243 2511 1244 2514 ’

210 2594 261 2655 sed
278 2597 348 2673 quid
365 2599 465 2660 ruinas
480 2598 565 2659 urbis
581 2617 705 2660 euersae
721 2601 830 2677 gemis,

210 2680 298 2741 uiuax
313 2684 470 2742 senectus?
493 2683 608 2762 respice
623 2683 723 2744 infelix
740 2677 775 2744 ad
792 2684 847 2743 hos
1064 2699 1087 2740 r.
1104 2697 1172 2740 xxm

209 2762 307 2826 luctus
323 2775 473 2828 recentes:
498 2767 586 2828 Troia
596 2770 659 2852 iam
676 2774 762 2828 rietus
778 2776 822 2829 est
837 2768 954 2830 matum.

278 3003 309 3052 15
327 3007 468 3068 congestis
487 3004 512 3052 Ε
531 3006 657 3070 congesti
675 3006 699 3055 A
718 3001 730 3071 H
748 3008 780 3056 16
799 3005 889 3056 adusti
906 3006 932 3054 E
951 3005 1058 3057 adustis
1075 3008 1101 3056 A
1118 3003 1127 3071 Ν

209 3071 240 3120 17
260 3071 412 3136 assariciap
434 3067 447 3137 ΙΙ
470 3071 563 3123 domos
582 3070 617 3121 E¹
640 3069 652 3139 l}
675 3074 707 3124 18
726 3073 843 3124 cohibet
861 3074 935 3124 NHs.
958 3070 970 3139 ΙΙ
992 3076 1024 3125 19
1043 3076 1126 3125 troi-e

207 3137 233 3185 E
244 3133 257 3203 [l
268 3139 301 3188 20
318 3139 479 3190 umbrante
497 3136 620 3218 IGmmjl
633 3157 684 3191 ceu
697 3143 722 3190 A
746 3157 795 3192 seu
807 3155 821 3192 ε
832 3138 844 3208 ll
856 3143 888 3190 22
907 3141 966 3190 irae
979 3141 1004 3190 Ε
1021 3143 1064 3192 ira
1076 3143 1100 3192 A
1117 3138 1125 3206 ΙΙ

207 3254 415 3318 tencumssuium
432 3258 458 3306 a
486 3253 499 3324 t]
527 3260 561 3309 es
580 3224 628 3310 dd
645 3259 671 3308 u
689 3256 734 3323 (oe
752 3277 783 3308 m.
802 3258 865 3322 sec.)
888 3255 905 3376 pp
924 3243 962 3310 'aa
981 3259 1124 3325 puyngum

207 3321 233 3370 Ε
255 3319 269 3387 Η
291 3326 322 3374 31
346 3339 399 3387 quo
423 3327 502 3376 stetit
525 3331 618 3378 stante
641 3327 720 3378 ilium
738 3327 805 3378 EM}
834 3342 887 3392 quo
908 3340 937 3391 q3
960 3329 1039 3389 stetit
1063 3331 1123 3377 ante

207 3387 280 3437 Ilion
293 3392 317 3439 A
337 3392 439 3457 quodq3
457 3398 550 3444 stante
569 3395 648 3448 stetit
665 3395 716 3446 iliu
738 3398 814 3446 Vrat.
826 3391 838 3462 ΙΙ
850 3397 883 3447 34
900 3395 1065 3460 limphatico
1082 3394 1124 3458 ψΙΙ

206 3453 242 3502 36
261 3459 338 3504 taoni
356 3475 431 3509 meos
450 3462 500 3524 Rp
523 3457 535 3526 ΙΙ
