2490 3984
155 243 157 246 ,
199 171 263 236 406
484 227 488 234 .
587 186 729 235 monam

200 327 375 404 haut'posse
390 327 484 395 uinci,
502 319 551 407 qui
566 325 676 388 malurn
693 333 722 388 et
737 328 838 388 uiuum
856 327 937 389 tulit?

201 410 279 472 elisit
293 411 431 492 hydram,
448 413 536 472 dente
552 430 618 472 cum
635 413 723 472 infixo
739 413 819 473 stetit

200 496 297 556 media
313 496 421 574 palude
436 498 531 557 uictor
547 497 639 558 elinso
656 496 780 557 obrutus

200 587 284 642 artus
299 600 427 642 ueneno.
459 582 578 660 sanguis
593 582 674 642 hunc
690 581 772 642 Nessi
789 583 937 661 opprimet

142 723 144 726 .
201 667 252 745 qui
267 666 337 728 uicit
351 667 430 746 ipsas
446 667 559 726 horridi
576 666 659 727 Nessi
674 669 800 728 manus?

199 763 321 811 Ituran.
338 752 446 812 trustra
464 758 580 812 tenetur
596 750 645 812 ille
661 753 711 830 qui
726 753 828 812 statuit
843 753 927 812 inuri.

154 861 157 868 ·
200 835 326 914 proinde
341 835 437 896 lucern
453 835 558 912 lugere
573 835 727 898 decretum
743 843 787 896 est
802 836 884 898 mihi.

199 921 276 980 uixit
290 922 360 981 satis
377 923 555 1000 quicumque
571 939 639 981 cum
654 920 755 982 Alcide
770 922 887 982 occidit.

199 1019 303 1065 nunu.
320 1024 374 1084 per
389 1005 442 1066 has
457 1005 549 1066 aniles
565 1024 633 1067 ecce
649 1014 678 1067 te
694 1005 817 1085 supplex
833 1024 934 1067 comas

200 1098 290 1169 atque
305 1089 398 1151 ubera
414 1092 467 1151 ista
484 1086 578 1168 paen'e
594 1098 727 1152 materna
744 1090 885 1152 obsecro:

201 1174 318 1251 depone
333 1176 460 1236 tumidas
475 1177 604 1253 pectoris
619 1174 687 1237 lassi
702 1177 795 1236 minas

200 1261 364 1337 mortisque
381 1259 462 1320 dirae
479 1259 593 1339 expelle
608 1259 760 1321 decretum
778 1259 931 1321 horridum

200 1357 321 1404 Daren.
339 1346 518 1424 quicumque
534 1347 644 1405 misero
662 1345 737 1405 torte
753 1343 902 1406 dissuadet
917 1347 995 1406 mori

201 1427 331 1490 crudelis
346 1428 395 1488 ille
411 1436 464 1490 est.
494 1430 612 1490 interim
631 1447 725 1506 poena
741 1437 786 1490 est
801 1431 891 1499 mori,

200 1513 253 1572 sed
269 1531 357 1590 saepe
374 1513 499 1574 donum:
523 1513 658 1592 pluribus
673 1517 778 1575 ueniae
793 1514 856 1575 luit.

200 1611 304 1658 nunu.
321 1596 447 1658 deiende
463 1597 566 1659 saltem
583 1598 734 1658 dexteram
750 1597 850 1659 infelix
866 1606 979 1658 tuamz‘

200 1681 373 1761 fraudisque
388 1682 502 1743 lacinus
518 1700 581 1743 esse
598 1699 657 1742 non
673 1691 782 1758 nuptae
798 1684 902 1742 sciant.

200 1779 321 1826 Duram.
339 1766 483 1826 delendas
497 1765 575 1826 illicz'
593 1767 681 1826 inseri
697 1764 852 1827 absoluent
867 1783 964 1837 ream,

144 1860 151 1878 ·
199 1869 217 1910 a
234 1869 280 1910 me
296 1853 359 1927 ipsa
375 1851 508 1910 damnor.
540 1858 647 1930 purget
662 1850 715 1911 has
730 1850 837 1912 Pluton
852 1868 966 1912 manus.

200 1934 285 1996 stabo
302 1942 369 1995 ante
386 1936 465 2013 ripas
479 1936 626 1997 inmemor
642 1935 734 1996 Lethe
749 1943 816 1996 tuas

200 2028 229 2080 et
245 2019 351 2080 umbra
366 2021 457 2080 tristis
472 2023 631 2098 coniugem
649 2018 792 2098 excipiam
810 2038 919 2080 meum.

200 2104 253 2164 sed
268 2112 299 2163 tu
316 2105 460 2182 nigrantis
474 2122 565 2182 regna
582 2107 631 2182 qui
647 2111 769 2184 torques
784 2103 843 2181 poli

200 2206 273 2268 para
288 2187 431 2250 lahorem.
462 2188 574 2250 scelera
591 2207 666 2268 quae
682 2193 807 2269 quisque
822 2207 912 2249 ausus
929 2195 988 2259 est,

200 2273 249 2334 hic
264 2274 358 2334 uincit
373 2291 474 2342 error,
493 2273 586 2354 [Iuno
602 2291 662 2334 non
679 2292 754 2335 cusu
769 2277 930 2335 Herculem

199 2362 321 2435 eripere
334 2356 440 2438 terris]
457 2359 609 2419 horridam
626 2375 752 2435 poenam
768 2377 849 2436 para.

199 2511 229 2519 α-

269 2596 318 2646 921
333 2611 387 2660 qua
398 2596 424 2645 Ε
437 2595 482 2660 qui
495 2596 519 2644 A
530 2602 591 2659 post
603 2597 627 2647 h.
640 2613 664 2646 u.
678 2601 768 2645 iterum
780 2599 896 2659 loquutur
908 2595 986 2644 haec:
1000 2591 1126 2659 Sierpen-
1221 2647 1222 2652 ,

200 2665 239 2713 tis
256 2663 326 2712 illud
344 2663 421 2712 uirus
444 2667 475 2713 ut
493 2663 569 2713 lame
589 2668 631 2712 est
648 2663 715 2728 ydra
732 2679 749 2727 p
772 2659 784 2728 ll
807 2664 856 2712 922
880 2661 962 2712 dente
982 2676 1044 2711 cum
1068 2661 1127 2713 fixo

203 2735 303 2781 tenens
319 2730 344 2780 Ε
367 2730 450 2782 dente
469 2746 530 2780 cum
548 2731 633 2781 infixo
651 2731 729 2781 stetit
746 2730 771 2780 A
796 2729 821 2778 d.
840 2745 902 2780 eum
917 2729 970 2779 fixo
988 2733 1128 2780 trucem

203 2799 281 2853 niro,
299 2815 334 2848 aa
347 2799 466 2850 confixo
480 2801 596 2849 tenens?
608 2795 620 2865 Η
632 2801 681 2850 925
694 2798 799 2848 horridi
811 2797 863 2847 ΕΑ
881 2797 1008 2847 horridas
1021 2807 1044 2861 ψ
1059 2797 1131 2848 hor-

203 2868 288 2917 ridus
306 2867 381 2932 NHs.
403 2863 415 2931 ΙΙ
436 2869 486 2918 926
504 2871 635 2917 tenentur
651 2867 677 2916 E
695 2870 807 2917 tenetur
825 2867 848 2915 A
867 2862 879 2931 ΙΙ
895 2867 946 2916 999
962 2866 1003 2915 hie
1022 2881 1130 2932 quoque

118 2935 123 2939 ’
202 2935 288 2986 Hr'n.
310 2933 434 2987 ENV'P.
453 2936 478 2984 A
502 2931 514 3001 Η
538 2949 603 2985 ecee
622 2951 667 2986 om.
686 2935 710 2984 R
732 2931 743 3000 ll
767 2936 816 2984 931
835 2933 905 2983 lessi
922 2933 947 2982 Ε
971 2933 1044 2983 laesi
1065 2935 1093 2984 A
1117 2934 1131 2997 ll

202 3005 253 3054 933
271 3003 371 3053 suadet
388 3003 414 3052 E
442 2997 585 3055 dissuadet
603 3003 629 3053 A
658 2998 670 3068 Η
699 3001 851 3053 estillic
879 2997 891 3066 ΙΙ
920 3002 970 3051 933
992 3000 1082 3051 NVT.
1104 3003 1132 3050 A

197 3087 249 3121 em.
268 3071 294 3122 Ε
316 3067 329 3136 ΙΙ
354 3071 454 3121 donum
472 3071 598 3137 pluribus
616 3070 642 3119 E
660 3071 685 3120 d.
706 3071 735 3118 in
752 3069 790 3134 pl.
810 3069 835 3119 A
858 3065 870 3134 l}
893 3069 994 3119 ueniae
1013 3068 1072 3118 luit
1092 3071 1134 3119 eA

201 3139 291 3189 uenia
304 3137 403 3188 obluit
417 3139 520 3190 Grotius
531 3156 565 3188 on
577 3138 666 3188 uenia
680 3137 776 3187 afuit?
788 3133 799 3202 ΙΙ
811 3137 861 3187 936
873 3136 956 3187 NVN.
970 3135 995 3184 Ε
1008 3152 1057 3187 om.
1073 3138 1100 3186 A
1118 3137 1133 3199 Η
1218 3127 1219 3181 l

197 3205 328 3256 dextram
346 3213 370 3269 ψ
392 3203 404 3272 ΙΙ
426 3209 476 3259 937
495 3209 588 3258 sciant
605 3205 630 3254 Ε
648 3206 722 3256 scios
741 3206 766 3255 A
786 3205 859 3254 sciet
875 3204 948 3267 dErp
968 3199 980 3270 l]
1004 3206 1057 3255 938
1079 3204 1135 3253 eb·

204 3274 315 3325 soluent
326 3273 352 3323 Ε
369 3274 478 3325 soluent
491 3276 515 3325 A
528 3274 540 3340 ΙΙ
552 3277 601 3325 939
619 3273 717 3338 pluton
728 3273 754 3322 Ε
772 3272 854 3323 Pluto
868 3272 893 3321 A
906 3268 918 3338 ΙΙ
929 3273 980 3322 944
991 3273 1092 3322 uincet
1106 3271 1137 3320 Ε

203 3343 275 3391 uicit
292 3342 317 3392 A
335 3342 433 3392 uincit
452 3343 504 3394 GR.
517 3339 530 3410 {l
545 3341 609 3394 944¹»
627 3343 688 3392 945·
706 3339 787 3404 (Iuno
806 3365 838 3376 —
856 3339 950 3403 terris)
970 3344 1063 3391 ‘totum
1082 3340 1138 3390 hoc
1216 3379 1217 3396 q

204 3409 264 3457 mihi
278 3415 421 3473 suspectum
438 3417 466 3460 ut
484 3413 566 3461 alieno
585 3414 641 3460 loco
654 3412 776 3473 positum’
794 3409 893 3458 Dehio.
913 3409 1004 3458 deleui.
1032 3404 1046 3472 ΙΙ
1078 3408 1138 3457 944
1216 3415 1217 3464 i

203 3486 274 3522 arrae
286 3475 436 3526 Herculem
454 3482 498 3527 est
515 3479 540 3527 A
560 3493 631 3528 ausa
649 3481 691 3527 est
707 3475 848 3526 herculem
866 3477 890 3526 R
909 3479 952 3526 est
970 3491 1017 3529 om.
1036 3475 1065 3524 Ε
1089 3470 1103 3540 ΙΙ
1216 3465 1217 3531 l
