2502 3978
540 189 689 238 OEDIPVS

156 329 269 390 nulium
285 330 399 390 serenis
413 328 551 390 nectibus
566 329 648 390 sidus
664 330 766 399 micat,
791 375 794 382 a

156 415 207 476 sed
224 415 323 492 grauis
339 420 367 474 et
382 422 445 475 ater
460 413 580 474 incubat
596 415 684 475 terris
701 431 803 492 uapor.

123 499 148 558 b'
199 499 318 560 Obtexit
335 516 419 560 arees
434 497 570 560 caelitum
586 517 620 560 ae
635 516 766 560 summas
782 499 885 560 demes

156 584 270 644 iuterna
286 585 386 645 facies.
418 584 543 662 denegat
559 585 686 644 fructum
703 584 791 645 Ceres

157 666 253 730 adulta
270 675 299 729 et
314 667 379 729 altis
394 666 471 729 flaua
486 686 553 729 cum
570 669 659 747 spicis
675 675 797 738 tremat,

156 758 258 816 arente
275 752 371 813 culmo
387 751 494 814 sterilis
510 754 654 814 emoritur
669 769 763 828 seges.

124 835 147 896 e‘
201 835 263 898 Nee
279 835 337 898 ulla
351 855 423 916 pars
437 839 567 899 inmunis
583 838 672 898 exitio
689 844 789 907 uacat,

156 924 208 984 sed
224 921 320 982 omnis
335 931 415 982 aetas
430 923 541 1002 pariter
557 928 587 982 et
601 939 689 982 sexus
704 922 763 982 ruit

155 1009 339 1085 iuuenesque
355 1006 475 1080 senibus
490 1008 584 1084 iungit
599 1013 628 1068 et
643 1008 738 1084 gnatis
754 1014 853 1084 patres

157 1092 272 1153 funesta
287 1092 386 1169 pestis.
417 1110 474 1152 una
489 1093 536 1152 fax
553 1091 698 1152 thalamos
714 1100 826 1151 cremat

155 1176 297 1254 luctuque
313 1175 422 1236 acerbo
437 1177 451 1236 i
454 1193 569 1237 unere
586 1184 615 1236 et
630 1181 734 1254 questu
750 1187 862 1237 carent.

124 1284 139 1318 c
199 1260 291 1332 Quin
308 1261 385 1338 ipsa
402 1263 473 1320 tanti
489 1262 630 1338 peruicax
646 1260 744 1320 clades
759 1260 827 1321 mali

157 1345 278 1406 siceauit
293 1344 411 1416 oculos,
429 1345 567 1424 quodque
583 1346 614 1406 in
631 1347 771 1406 extremis
787 1344 877 1414 solet,

158 1431 275 1508 periere
289 1429 438 1490 lacrimae.
470 1435 568 1508 portat
583 1430 664 1489 hune
680 1447 768 1507 aeger
784 1446 892 1508 parens

157 1532 329 1592 supremum
346 1514 381 1573 ad
396 1515 509 1590 ignem,
527 1522 621 1574 mater
635 1515 716 1574 hune
732 1532 834 1574 amens
849 1513 925 1591 gerit

157 1606 376 1680 properatque,
393 1607 425 1658 ut
440 1597 529 1658 alium
545 1606 664 1676 repetat
678 1599 709 1656 in
727 1598 852 1658 eundem
870 1615 985 1675 rogum.

124 1682 146 1741 e'
202 1683 295 1754 Quin
311 1682 395 1742 luctu·
408 1683 439 1742 in
455 1685 537 1760 ipse
553 1683 650 1742 luctus
666 1683 798 1742 exoritur
813 1699 910 1764 nouus

158 1785 288 1846 suaeque
303 1771 382 1827 eirca
397 1767 485 1827 funus
501 1766 642 1842 exequiae
658 1765 777 1826 cadunt.
877 1751 912 1818 3⁰³²

159 1860 219 1913 tum
236 1853 357 1930 propria
372 1849 498 1911 flammis
514 1867 640 1928 corpora
657 1848 759 1911 alienis
774 1855 919 1910 cremant.

158 1937 295 2014 diripitur
309 1936 401 2013 ignis,
418 1935 517 1995 nullus
533 1942 577 1994 est
592 1935 706 1996 miseris
722 1934 828 2013 pudor.

159 2038 218 2081 nou
235 2038 300 2080 ossa
316 2018 421 2080 tumuli
437 2026 537 2080 saneta
554 2019 673 2080 disereti
688 2027 800 2096 tegunt.

125 2113 142 2162 b
202 2106 317 2166 Arsisse
333 2107 403 2164 satis
419 2110 471 2164 est.
503 2121 572 2182 pars
588 2112 676 2183 quota
691 2105 721 2164 in
738 2105 853 2164 cineres
868 2101 947 2166 abit?

159 2191 224 2251 dest
240 2197 318 2249 terra
337 2187 473 2258 tumulis,
489 2189 545 2248 iam
562 2205 652 2266 rogos
667 2187 758 2248 siluae
775 2195 893 2266 negant.

158 2292 218 2334 non
233 2281 302 2334 uota
320 2291 380 2334 nou
396 2291 444 2333 ars
460 2272 517 2334 ulla
534 2280 694 2349 correptos
708 2271 817 2334 leuant.

143 2359 269 2421 ¹eadunt
283 2358 452 2425 medentes,
471 2355 592 2417 morbus
608 2357 748 2418 auxilium
764 2357 863 2418 trahit.
888 2357 890 2362 ’
918 2401 922 2408 .

124 2447 151 2504 b'
203 2443 333 2504 Adfusus
348 2443 407 2502 aris
422 2441 571 2520 supplices
586 2440 676 2502 tende
692 2459 797 2500 manus·

159 2535 274 2589 matura
290 2544 417 2604 poscens
433 2526 505 2592 iata,
522 2542 714 2605 praecurram
731 2532 764 2586 ut
779 2527 861 2602 prior

159 2614 285 2691 patriam
301 2617 437 2670 ruentem
453 2629 530 2671 neue
545 2615 612 2686 post
628 2611 723 2668 omnis
741 2610 844 2670 eadam

158 2698 288 2775 fiamque
303 2695 389 2771 regni
405 2693 494 2755 sunus
510 2701 674 2754 extremum
691 2695 775 2775 mei..

126 2807 143 2841 a
205 2780 229 2842 Ο
245 2797 334 2840 saeua
350 2779 473 2846 nimium
491 2779 626 2847 numina,
645 2797 661 2836 ο
677 2777 769 2838 iatum
786 2796 886 2856 graue.

160 2871 287 2944 negatur
303 2864 354 2924 uni
369 2880 477 2939 nempe
493 2864 522 2922 in
538 2862 596 2922 hee
611 2861 721 2940 populo
737 2863 808 2922 mihi

227 3102 262 3151 49
279 3101 392 3150 fluctum
404 3096 439 3147 Εί
458 3094 650 3164 aorr.E¹1150
670 3102 773 3148 cremat
787 3098 828 3148 Αε
846 3099 953 3147 tremat
972 3095 1050 3146 Grnn.
1069 3095 1078 3163 Η

158 3172 190 3222 52
210 3183 263 3220 nee
281 3166 339 3218 ulla
357 3181 422 3232 pers
440 3167 459 3216 i.
478 3167 573 3216 ΕΒΗ)
585 3181 631 3230 my.
655 3163 733 3214 nulle
751 3181 815 3231 pars
834 3165 851 3214 i.
870 3173 893 3229 ψ
917 3178 981 3229 pers
999 3163 1077 3213 nulle

157 3237 240 3302 regni
253 3237 270 3286 i.
285 3231 327 3302 ecl}
339 3237 371 3286 53
384 3233 434 3284 sed
447 3241 484 3298 εψ
503 3238 531 3282 et
544 3234 567 3282 A
581 3230 593 3300 Η
605 3235 638 3284 56
650 3233 770 3298 fletuque
784 3251 805 3283 ω
818 3233 1012 3297 planctuque
1025 3229 1076 3281 Be.

156 3306 306 3369 luctuque
329 3303 426 3366 scripsi
447 3298 458 3368 Η
482 3304 515 3352 57
536 3303 598 3366 ipsa
617 3301 642 3350 E
664 3301 720 3350 iste
739 3301 763 3350 A
788 3297 800 3366 {l
823 3303 854 3349 et
878 3303 989 3363 repetat
1012 3297 1077 3348 EAE

157 3376 271 3438 regerat
289 3372 313 3420 A
326 3365 340 3436 ss
355 3385 449 3436 rogum
468 3369 517 3434 Εψ
535 3370 626 3419 locum
645 3364 692 3432 All
709 3369 742 3416 66
760 3368 880 3418 discreta
898 3363 999 3433 ψ1169
1018 3382 1077 3417 eor-

687 3439 697 3464 Γ

157 3477 255 3539 reptos
274 3471 299 3522 Ε
318 3469 459 3536 corruptas
477 3472 502 3521 A
515 3467 570 3538 1172
588 3485 734 3536 proceram
751 3469 777 3518 E
795 3484 971 3535 praecurram
989 3471 1014 3520 A
1038 3466 1049 3536 ii
