2516 3998
497 215 696 263 PRAEFATIO
970 220 1072 266 XXVII

49 382 104 436 Εε
130 429 140 440 ,
186 371 317 451 *Nepos
337 371 628 432 Laurentianus
649 375 796 447 (Etruscus
813 377 918 434 Tuscus
933 377 1070 436 llediceus

119 461 297 518 Florentinus
313 461 431 536 optimae
447 459 616 516 membranae
633 461 726 532 Grou.)
747 461 921 519 llontlaucon
943 481 969 536 p.
993 463 1070 521 316α

120 545 267 604 Bardinius
283 544 353 618 plut.
368 561 477 602 xxxvii
494 543 533 601 13
554 545 666 602 membr.
684 545 788 603 lormae
812 554 925 604 octauae
940 547 1070 604 loliorum

121 647 236 692 cux1111
259 631 468 702 quaternionum
489 648 530 685 xx
552 637 634 702 atque
655 630 765 686 dimidio
788 631 888 688 saeculi
909 639 940 687 ut
962 633 1071 689 uidetur

120 735 176 774 non
197 731 246 773 xm
269 713 318 770 sed
337 731 380 772 x1.
402 730 500 771 uersus
524 717 551 770 in
572 731 736 789 unaquaque
756 716 861 790 pagella
884 723 948 772 sunt
969 733 1072 773 xxxnr

119 801 208 858 lineae
225 799 291 856 stilo
307 799 456 856 subductae
473 801 682 873 quaternionum
698 803 805 858 numeri
819 801 880 857 imis
897 801 970 858 loliis
987 801 1071 858 minio

121 886 230 944 adiecti.
261 883 429 941 Luculenter
444 892 526 958 atque
548 885 728 958 aequabiliter
744 903 804 942 oum
820 894 911 942 textus
927 905 941 943 a
957 886 1071 942 librante

120 979 194 1028 esset
217 969 353 1043 scriptus,
386 969 479 1044 plures
501 987 598 1043 passus
620 979 662 1026 est
683 979 854 1028 correctores
882 973 929 1046 qui
950 972 1070 1028 radendo

120 1059 150 1112 in
161 1055 242 1130 peius
257 1054 386 1110 mutando
404 1071 486 1128 supra
498 1055 641 1112 scribendo
654 1055 780 1130 proprias
795 1058 854 1113 eius
870 1056 1002 1113 lectiones
1015 1074 1071 1113 non

120 1158 185 1197 raro
209 1141 402 1212 deprauarunt.
434 1139 574 1196 Secundae
594 1157 689 1196 ananus
711 1158 780 1215 quae
807 1149 849 1198 est
875 1142 976 1199 saeculi
998 1157 1072 1200 xum

118 1232 303 1282 atramentum
319 1226 426 1297 nigrius
442 1233 498 1288 est,
516 1225 645 1298 pallidum
663 1228 761 1283 tertiae
777 1226 878 1283 saeculi
894 1244 949 1290 xv,
966 1227 1013 1282 secl
1029 1233 1072 1282 est

121 1310 169 1367 ubi
190 1311 284 1376 uariae
299 1325 394 1366 manus
415 1312 594 1384 nonpossint
610 1308 744 1384 dignosci
779 1311 918 1368 Extremus
940 1327 1070 1368 uersuum

120 1396 219 1451 literas
235 1387 470 1468 nonnumquam
496 1395 652 1469 absumptas
679 1397 797 1453 secunda
823 1413 916 1452 manus
937 1396 1070 1453 restituit.

119 1480 281 1554 Scripturae
294 1479 442 1552 conpendia
455 1496 540 1554 pauca
561 1489 618 1536 tum
633 1482 808 1554 potissimum
822 1483 845 1538 si
862 1499 960 1538 uersus
979 1488 1072 1538 essent

121 1565 265 1639 longiores
281 1563 423 1620 adbibita·
435 1563 615 1622 Personarum
630 1574 711 1646 notae
727 1583 781 1622 non
796 1581 945 1641 numquam
959 1567 986 1622 in
1003 1581 1071 1621 mar-

119 1650 187 1724 gine
210 1651 323 1706 sinistro
344 1649 477 1712 adiectae,
504 1649 665 1723 plerumque
687 1652 754 1724 ipsis
779 1651 905 1708 uersibus
927 1651 1069 1724 praefixae.

121 1735 318 1808 Inscriptiones
341 1741 368 1790 et
383 1733 536 1792 fabularum
558 1743 585 1790 et
601 1751 760 1791 scaenarum
775 1736 860 1791 minio
877 1735 995 1808 scriptae
1010 1734 1071 1790 lite·

121 1820 160 1876 ris
176 1819 344 1877 maiusculis.
365 1819 501 1876 adduntur
516 1819 681 1894 aliquotiens
697 1828 779 1876 uotae
794 1819 923 1876 metricae
935 1836 1002 1894 quas
1018 1819 1073 1876 buc

121 1921 154 1960 er
170 1913 249 1979 parte
264 1906 467 1978 congessimus:

121 2057 202 2114 llere.
224 2058 236 2112 l
258 2048 322 2132 post
338 2045 364 2114 ri.
380 2055 441 2112 124
458 2047 654 2136 ouonvsluul
665 2043 765 2136 uuila
776 2050 899 2136 lullae!
910 2051 1046 2135 serlovu

258 2147 323 2218 post
338 2157 364 2196 u.
377 2141 438 2200 523
455 2138 561 2200 uersi·
574 2157 826 2202 ascoaemoevu.
850 2157 971 2201 enoevs

258 2236 322 2300 post
337 2243 365 2282 u.
377 2225 439 2284 592
455 2243 585 2286 unusve
614 2243 778 2286 IAMBIOVM.
823 2243 1049 2286 aaouraorovu
1065 2219 1069 2302 l

456 2325 619 2376 neamus

259 2397 586 2472 postu.829uuruvu
616 2412 782 2455 anefflcvu.
823 2411 965 2456 couernr
995 2412 1070 2454 reo·

459 2498 542 2540 cneo
551 2474 555 2558 Ι
565 2497 719 2540 secuero.
732 2496 881 2538 enorme.
894 2496 935 2536 ur
947 2496 1071 2539 euoevs

460 2557 772 2643 reooaurs.leaoevs

260 2659 325 2724 post
340 2669 366 2708 a.
380 2650 442 2710 874
458 2667 605 2708 uersum·
622 2666 685 2708 noo
702 2665 906 2710 emoourevu.
929 2665 1072 2708 oousrnr

458 2751 611 2794 secunao.
647 2751 839 2794 eucarnueo.
874 2752 936 2794 vau
964 2751 1073 2794 araur*

381 2893 384 2897 Ι
460 2836 545 2878 omo.
562 2835 683 2879 quoave

124 2921 189 2979 Tro.
204 2929 269 2995 post
284 2920 380 2980 nece
398 2939 450 2994 mg.
468 2923 577 2979 dextro:
599 2915 1062 3001 ualrailnslcuuleralolelvlut·

260 2998 1058 3086 postu.811um{ueululololslulelfllrlolvlu

260 3099 356 3164 postu.
366 3091 446 3150 1006
459 3109 501 3148 um
511 3085 515 3170 l
525 3089 586 3150 uei
601 3086 605 3170 l
622 3109 685 3150 Hoc
702 3107 866 3152 saaurovu

192 3391 220 3458 *)
241 3391 267 3440 E
279 3392 419 3458 posuimus
431 3394 479 3443 ubi
491 3393 624 3443 disertum
637 3393 791 3458 scripturae
804 3391 974 3442 habebamus
991 3391 1070 3442 testi-

123 3461 257 3590 pprooqipppr,
276 3473 290 3510 ε
308 3460 356 3510 ubi
371 3460 457 3511 lectio
474 3461 585 3512 silentio
603 3463 638 3510 H.
657 3461 752 3512 Peteri
770 3459 888 3524 quodem
904 3459 984 3510 modo
1003 3475 1069 3511 con-
