2550 3978
571 208 694 256 Munus

178 348 295 410 caelebs
310 349 409 410 lason:
435 365 544 427 quaere
559 365 722 426 poenarum
740 365 833 426 genus

179 433 251 494 haut
264 435 402 494 usitatum
418 434 536 512 iamque
552 435 595 493 sic
610 439 701 494 temet
716 451 806 510 para:

145 523 169 579 α’
221 518 277 579 Fas
293 537 381 579 omne
398 518 521 588 cedat,
539 517 626 578 abeat
642 516 781 594 expulsus
797 517 903 596 pudor.

179 603 347 663 uindicta
362 602 436 662 leuis
453 612 497 664 est
512 619 599 680 quam
615 603 714 663 lerunt
729 619 822 679 purae
838 619 958 664 manus:

179 686 320 747 incumbe
334 689 364 747 in
381 689 442 748 iras
457 694 545 766 teque
561 686 748 764 languentem
766 687 860 748 excita

178 772 355 850 penitusque
371 778 489 833 ueteres
504 779 625 850 pectore
642 790 677 832 ex
692 773 752 830 imo
768 773 929 849 impetus
977 785 978 788 ’

177 855 325 917 uiolentus
339 855 434 918 hauri.
467 856 605 935 quicquid
622 856 780 916 admissum
798 866 841 917 est
858 857 972 926 adhuc,

176 942 269 1018 pictas
285 951 418 1002 uocetur.

141 1036 159 1086 d
452 1025 515 1086 Hoc
530 1042 583 1102 age
600 1033 629 1086 et
644 1025 711 1084 laxo
727 1026 820 1086 sciant

176 1127 263 1188 quem
279 1107 357 1170 leuia
373 1110 484 1170 luerint
499 1127 648 1187 quamque
663 1108 795 1186 uulgaris
811 1117 898 1170 uotae

175 1211 251 1273 quae
268 1194 445 1254 conmodaui
461 1193 620 1276 scelera.
651 1193 777 1271 prolusit
792 1192 876 1253 dolor

175 1297 229 1356 per
244 1280 297 1340 ista
315 1286 425 1339 noster.
457 1277 527 1356 quid
543 1295 649 1338 manus
664 1285 803 1355 poterant
818 1277 907 1340 rudes

176 1363 287 1423 audere
302 1363 461 1438 magnum?
485 1363 555 1440 quid
573 1361 712 1441 puellaris
727 1363 830 1424 furor?

174 1446 276 1506 Medea
292 1464 372 1506 nunc
388 1465 470 1516 sum,
488 1449 582 1508 creuit
596 1449 748 1525 ingenium
765 1446 859 1507 malis.

140 1553 157 1590 c
217 1531 301 1590 quat
316 1533 398 1590 iuuat
413 1531 547 1607 rapuisse
562 1529 726 1592 fraternum
743 1539 845 1610 caput,

173 1621 256 1675 artus
271 1615 352 1675 iuuat
366 1615 495 1675 secuisse
511 1623 540 1676 et
556 1632 665 1674 arcano
680 1622 796 1692 patrem

175 1697 317 1776 spoliasse
333 1716 432 1772 sacro,
450 1699 533 1760 iuuat
548 1700 578 1758 in
595 1700 716 1760 exitium
732 1701 812 1760 senis

105 1810 107 1815 .
174 1801 305 1844 armasse
320 1791 411 1842 natas.
444 1800 554 1862 quaere
570 1786 724 1852 materiam
741 1783 843 1845 dolor:

174 1866 210 1927 ad
227 1885 314 1927 omne
330 1867 445 1928 lacinus
459 1885 520 1927 non
535 1867 639 1928 rudem
657 1868 791 1928 dextram
807 1868 934 1930 adieras.

140 1954 164 2012 c'
217 1949 280 2020 Quo
296 1959 325 2012 te
341 1952 431 2028 igitur
447 1952 612 2020 immittis,
629 1960 678 2012 aut
694 1971 769 2031 quae
785 1953 901 2030 perlido

173 2036 300 2096 intendis
315 2036 393 2096 hosti
407 2035 486 2096 tela?
509 2038 608 2096 nescio
625 2037 693 2116 quid
710 2038 792 2098 seror

173 2121 307 2180 decreuit
321 2121 437 2180 animus
452 2122 533 2182 intus
549 2126 577 2181 et
593 2122 725 2182 nondum
740 2122 796 2183 sibi

172 2204 261 2266 audet
275 2204 369 2266 lateri.
389 2203 493 2274 ,stulta
503 2207 671 2285 'properaui
686 2208 774 2268 nimis

136 2376 163 2434 ‹i'
215 2373 257 2433 Ex
273 2373 385 2452 paelice
400 2375 513 2448 utinam
527 2373 638 2434 liberos
653 2375 747 2436 hostis
763 2395 847 2437 meus

142 2507 144 2510 .
173 2456 287 2534 aliquos
302 2457 434 2518 haberet.
465 2459 604 2537 quicquid
621 2478 657 2520 ex
671 2459 722 2520 illo
738 2467 822 2528 tuum
839 2468 900 2531 est,

173 2541 282 2602 Creusa
298 2544 422 2622 peperit.
454 2542 562 2620 placuit
577 2543 634 2604 lroc
650 2561 762 2621 poenae
778 2563 871 2623 genus

172 2627 336 2704 meritoque
351 2625 476 2703 placuit:
499 2626 650 2698 ultimum,
667 2647 809 2706 agnosco,
828 2629 952 2692 scelus

172 2711 270 2769 anime
285 2711 448 2787 parandum
465 2720 517 2772 est.
547 2711 634 2773 liberi
650 2714 798 2792 quondam
815 2716 874 2776 mei

171 2811 226 2858 uos
241 2811 296 2871 pro
311 2797 442 2871 paternis
458 2795 623 2857 sceleribus
638 2816 748 2876 poenas
764 2799 839 2861 date.
857 2835 899 2844 --

238 2979 288 3030 906
306 2975 425 3046 csselebs
439 2981 467 3043 (a
478 2981 558 3048 eruc.)
572 2983 597 3032 E
609 2980 620 3050 ΙΙ
633 2980 736 3051 qulsere
755 2982 784 3047 (a
796 2983 875 3050 eras.)
888 2985 914 3034 E
931 2984 1088 3050 pssenarum

171 3046 198 3110 (e
216 3045 298 3112 eras.)
317 3047 342 3096 E
371 3045 383 3115 ll
411 3051 460 3100 997
478 3049 580 3100 haustu
599 3054 714 3102 citatum
732 3052 757 3100 E
783 3051 858 3102 haud
876 3053 1009 3104 usitatum
1027 3054 1052 3102 A
1074 3054 1087 3117 ΙΙ

168 3116 220 3166 909
237 3129 342 3179 paruae
361 3117 491 3180 A'pur'ae
509 3115 549 3184 ΕΙ
574 3121 623 3169 912
642 3119 732 3170 adhuc
751 3124 794 3170 est
811 3115 838 3170 E
856 3125 898 3170 eet
917 3121 1007 3172 adhuc
1027 3121 1050 3170 A
1072 3122 1084 3186 ll
1128 3143 1132 3150 ·

169 3184 219 3234 914
236 3181 324 3248 notfse
344 3184 491 3260 (ueraci)
509 3185 534 3234 Ε
558 3183 628 3253 1915
646 3187 780 3252 praelusit
798 3189 823 3238 A
842 3187 962 3254 prolusit
979 3202 993 3240 ε
1009 3183 1022 3255 ΙΙ
1038 3191 1088 3240 920

169 3288 245 3334 ortus
263 3285 288 3335 Ε
311 3282 323 3351 ΙΙ
346 3287 394 3337 921
413 3262 516 3338 exitdm
536 3289 560 3336 Ε
582 3285 587 3355 Ι
620 3291 672 3341 927
685 3293 805 3340 ‘lacunam
821 3292 901 3340 motui
918 3307 971 3340 curra
987 3290 1052 3341 ΕΡ.
1073 3291 1086 3354 Η

169 3353 219 3402 929
238 3351 344 3416 aliquot
362 3371 381 3404 α
403 3355 512 3421 aliquos
530 3354 589 3421 ψεΙ
615 3359 665 3408 930
682 3358 786 3422 pepirit
804 3357 829 3408 Ε
847 3353 859 3423 ΙΙ
875 3359 923 3410 931
942 3373 1042 3423 magno
1061 3359 1086 3408 Α

170 3433 290 3482 agnosco
308 3418 356 3487 ΕΗ
373 3425 422 3474 932
442 3425 532 3476 animo
551 3425 593 3474 Αε
612 3425 702 3476 anime
720 3428 752 3478 ci.
773 3422 1044 3491 circumeundum
1061 3426 1087 3476 Ε

169 3487 320 3551 parandum
339 3490 364 3538 A
383 3493 545 3555 patrandum
564 3497 595 3542 ci.
617 3492 694 3542 Gran.
720 3490 732 3558 ll
