2516 3998
425 169 606 265 uuucuuus
624 205 787 287 [nunnus]
1022 206 1062 270 19

144 363 334 435 maestusque
350 358 475 436 phrygio
491 359 635 418 manatio
651 357 752 437 Sipylo
767 357 854 438 lapis.
1077 379 1127 428 000

147 441 232 529 [quin
248 446 313 519 ipse
327 450 448 503 toruum
462 445 623 517 subrepens
636 447 731 504 crista
747 453 843 520 caput

144 533 271 604 illyrica
289 528 419 588 Cadmus
433 544 532 602 repro
541 545 722 603 permensus
733 528 827 604 supa,

143 619 254 688 100000
269 615 393 686 reliquit
406 616 546 688 corporis
560 616 654 673 tracti
668 609 782 695 notas]

143 699 217 760 haec
232 704 263 758 te
279 704 397 756 manent
413 696 556 774 exempta.
594 697 787 758 dominare
804 704 835 758 ut
849 697 931 768 libet,

144 786 215 845 dum
231 779 346 841 solita
362 783 469 858 regni
486 781 560 842 iata
575 788 605 840 te
620 783 715 841 nostri
730 790 848 844 uocent.
1078 801 1128 850 400

98 880 135 938 pn
187 878 265 926 Luc.
294 866 426 942 Agedum
444 866 579 926 efferatas
594 865 695 926 rabida
711 884 800 927 uoces
816 885 921 929 amoue
1061 885 1082 928 r.
1095 885 1153 927 vuu

144 961 174 1017 et
189 952 269 1012 disce
285 969 389 1029 regum
405 952 529 1028 imperia
546 949 582 1009 ab
599 949 700 1011 Alcide
716 953 784 1028 pati.

143 1056 199 1117 ego
215 1043 298 1114 rapta
315 1037 449 1114 quamuis
464 1042 579 1114 sceptra
595 1036 710 1096 uictrici
726 1053 828 1114 geram

142 1126 245 1185 dextra
262 1137 423 1198 regamque
439 1127 544 1180 cuncta
561 1121 625 1180 sine
640 1119 739 1197 legum
755 1127 835 1180 metu

142 1225 215 1288 quas
230 1222 313 1265 arma
329 1206 459 1275 uincunt‚
476 1222 570 1282 pauca
586 1222 641 1283 pro
657 1221 743 1265 causa
759 1204 863 1284 icquar

140 1300 253 1354 nostra.

115 1395 124 1445 l
294 1374 423 1435 Cruento
439 1373 545 1435 cecidit
559 1373 588 1432 iu
604 1371 682 1434 helio
697 1381 790 1452 pater,

141 1461 277 1523 cecidere
294 1459 410 1520 iratres.
440 1477 536 1520 arma
553 1475 612 1518 nou
629 1466 749 1519 seruant
768 1459 888 1520 modum

142 1565 199 1607 nec
215 1545 375 1624 temperari
392 1542 476 1604 facile
493 1561 548 1603 nec
562 1544 685 1620 reprimi
701 1550 799 1620 potest

139 1631 235 1691 stricti
252 1629 330 1689 ensis
346 1629 411 1688 ira.
440 1625 516 1688 belia
533 1625 658 1688 delectat
674 1645 774 1688 cruor.
793 1663 830 1672 -

140 1717 194 1777 sed
209 1713 258 1774 ille
273 1729 367 1789 regno
382 1730 437 1791 pro
454 1730 524 1779 suo,
540 1729 595 1771 nos
609 1711 736 1789 inproba

140 1799 281 1878 cupidine
297 1798 410 1858 acti-
427 1797 580 1875 quaeritur
594 1793 665 1855 belli
681 1797 784 1864 exitus,

139 1903 201 1944 non
218 1901 316 1944 causa.

104 1983 122 2040 1'
355 1965 412 2026 Sed
429 1983 509 2025 nunc
525 1972 627 2043 pereat
642 1964 738 2025 omnis
753 1969 905 2028 memoria.

139 2071 208 2114 cum
224 2053 321 2113 uictor
337 2069 434 2111 arma
450 2051 563 2127 posuit,
581 2055 610 2110 et
625 2050 736 2110 uictum
753 2051 837 2111 decet

94 2138 103 2146 '
139 2138 292 2216 deponere
308 2135 403 2195 odia.
433 2152 493 2194 non
509 2143 541 2193 ut
556 2133 665 2194 iniiexo
682 2153 759 2212 genu

137 2230 314 2298 regnantem
330 2219 437 2280 adores
452 2220 587 2297 petimus.
618 2219 675 2278 hoc
690 2220 786 2297 ipsum
804 2218 900 2297 placet

138 2309 238 2366 animo
254 2305 355 2364 ruinas
371 2303 450 2383 quod
466 2305 547 2380 capis
562 2321 669 2381 magno
686 2311 759 2364 tuas.

139 2409 172 2452 es
188 2407 260 2468 rege
276 2390 404 2449 coniunx
420 2388 522 2464 digna:
539 2388 685 2448 sociemus
702 2397 792 2450 toros.

96 2513 122 2546 m
180 2486 263 2534 uuo.
294 2471 414 2535 Gelidus
428 2490 483 2550 per
499 2481 580 2533 artus
596 2473 677 2531 uadit
692 2473 834 2550 exanguis
847 2479 969 2533 tremor.

136 2559 217 2638 quod
232 2559 347 2619 fucinus
362 2575 450 2617 aures
466 2555 595 2636 pepulit?
617 2556 688 2616 haut
704 2555 840 2636 equidem
854 2556 959 2618 horrui

136 2661 205 2704 cum
221 2660 295 2721 pace
310 2650 397 2720 rupta
413 2641 538 2702 bellicus
553 2657 655 2701 muros
671 2639 772 2718 fragor
1067 2662 1118 2712 420

136 2729 381 2788 circumsonaret.
411 2724 520 2805 pertuli
535 2725 726 2804 intrepide
742 2728 848 2788 omnia.

92 2818 127 2876 m'
179 2810 338 2888 Thalamos
353 2819 549 2871 tremesco.
580 2818 663 2891 capta
679 2827 759 2871 nunc
773 2811 879 2873 uideor
894 2813 975 2873 mihi.

136 2903 263 2974 grauent
278 2904 402 2956 catenae
415 2912 524 2972 corpus
539 2902 568 2953 et
583 2892 669 2972 ionga
687 2894 764 2955 iame

135 2999 217 3042 mors
232 2980 423 3060 protrahatur
438 2973 526 3039 lenta.
557 2997 616 3038 nou
634 2981 733 3040 uincet
747 2980 835 3041 fidem

135 3067 180 3125 uis
195 3063 255 3126 uita
270 3073 412 3125 nostram.
445 3063 555 3123 moriar
569 3062 670 3122 Alcide
684 3071 744 3125 tua.

202 3267 252 3318 395
270 3259 408 3317 manetV
428 3263 439 3332 Η
462 3267 596 3317 396-398
613 3269 705 3316 sustuli
719 3263 730 3332 ΙΙ
748 3269 798 3318 397
815 3266 922 3332 Illyria
937 3267 1015 3320 Grac.
1027 3263 1039 3333 ΙΙ

134 3335 183 3384 398
201 3335 327 3400 reliquit)
345 3339 357 3384 t
374 3337 400 3384 in
417 3349 471 3384 rus.
490 3332 527 3383 Εξ
547 3331 561 3400 Η
583 3337 633 3384 399
650 3335 721 3385 libet
737 3337 784 3401 'Vp
805 3335 885 3385 lubet
901 3335 942 3385 Αε
953 3330 977 3411 ΙΙ
999 3335 1048 3385 491

134 3399 296 3467 effrenatas)
316 3417 349 3452 00
362 3405 388 3451 ia
405 3418 459 3452 aas.
477 3401 514 3450 d}²
537 3400 541 3469 i
571 3402 668 3466 rapida
690 3401 724 3453 V¹
751 3399 764 3468 Η
785 3401 882 3453 aimone
900 3419 935 3454 ex
951 3417 1048 3454 amone
1088 3440 1091 3446 -

130 3468 227 3531 foetum
249 3471 276 3520 V
296 3465 308 3536 ss
334 3471 384 3520 402
403 3468 524 3534 patriE¹
553 3467 558 3536 Ι
579 3471 630 3520 425
647 3475 746 3521 nostra
765 3486 784 3521 α
806 3471 819 3536 ΙΙ

818 3552 863 3615 2*
