2526 3986
473 216 506 264 n.
521 215 653 263 unum
669 213 826 262 sennenn
909 186 913 192 ’

387 354 482 418 Nullis
497 361 566 414 nuta
581 353 745 426 Quiritibus

345 449 426 502 aetas
440 459 496 520 per
511 441 631 500 tacitum
648 439 729 499 liunt.

345 527 388 588 sic
403 543 470 586 cum
487 527 657 584 transierint
673 524 731 583 mei

344 608 426 671 nullo
442 628 509 671 cum
524 611 648 686 strepitu
664 609 735 676 (lies,

345 694 479 776 plebeius
494 695 606 754 moriar
620 711 721 754 senex.

389 862 435 924 llli
451 881 532 923 murs
547 861 790 940 grauis'ineubnt‚

346 949 397 1028 qui
413 956 522 1009 notus
537 949 624 1008 nimis
639 946 790 1018 omuibus,

345 1035 499 1110 ignotus
519 1033 646 1092 moritur
661 1031 727 1092 sibi.

228 1248 418 1298 THYESTES.
448 1247 641 1296 TANTALVS.
672 1246 889 1295 Pnisrfluttus
906 1245 1067 1294 TAClTVS.

160 1401 177 1436 e
281 1371 384 1451 Optata
401 1373 515 1448 petrice
529 1377 605 1430 tecte
622 1377 652 1430 et
665 1369 809 1448 argolicas
824 1388 905 1449 enee,

193 1457 368 1536 miserisque
383 1473 531 1516 summum
548 1473 582 1516 ec
597 1455 758 1514 maximnm
774 1453 909 1515 exulibus
924 1453 1047 1524 bunum,
1131 1467 1184 1516 405

192 1548 320 1603 tractum
336 1539 392 1602 suli
407 1538 511 1601 natalis
527 1548 556 1601 et
571 1541 684 1619 patrius
699 1539 771 1600 (leus

195 1626 230 1706 (st
243 1633 312 1688 sunt
326 1633 425 1687 temen
441 1625 480 1704 di)
497 1641 597 1696 cerno,
614 1623 774 1703 Cyclopum
789 1642 890 1686 sacres

192 1719 291 1773 turres
306 1710 408 1772 labore
424 1711 519 1771 maius
535 1709 666 1770 humanu
683 1703 782 1778 decus',

196 1793 345 1858 celebrata
361 1797 462 1856 iuueni
477 1794 569 1856 stadie
585 1813 639 1873 per
656 1812 730 1872 qnae
746 1793 853 1854 nubilis

196 1879 323 1961 palmum
339 1888 463 1958 paterno
479 1897 539 1940 uun
555 1878 647 1941 semel
663 1896 754 1939 curru
769 1877 832 1939 tuli.
1132 1890 1185 1939 410
1255 1931 1256 1962 3

165 1968 183 2018 b
244 1964 389 2025 Occurret
403 1965 512 2042 Argos,
525 1963 657 2042 populus
673 1970 812 2024 occurret
825 1964 974 2042 frequens,

193 2048 245 2110 sed
261 2066 370 2127 nempe
387 2055 416 2108 et
429 2049 544 2109 Atreus.
570 2056 672 2128 repete
689 2047 843 2109 siluestres
859 2049 943 2128 iuges

194 2131 343 2211 saltusque
360 2133 467 2193 densos
482 2134 578 2211 potius
595 2141 623 2194 et
638 2134 758 2193 mixtam
776 2133 849 2193 ieris

194 2216 380 2297 similemque
396 2219 497 2279 uitam.
526 2218 623 2278 clarus
638 2218 686 2277 hic
701 2219 787 2296 regni
803 2218 883 2277 nitur
984 2252 986 2256 -

194 2301 309 2380 fulgore
325 2319 384 2363 nun
401 2302 538 2384 estquod
555 2301 657 2363 ocrrlus
672 2303 745 2363 salso
762 2303 886 2364 auferat.
1132 2311 1186 2360 415

195 2383 275 2472 [rum
290 2389 373 2464 cuod
385 2390 479 2451 datur
493 2389 651 2465 spectabis,
669 2396 698 2448 et
713 2390 835 2448 dantem
851 2380 988 2468 adspice]

158 2489 174 2524 e
235 2471 321 2533 lludu
337 2473 414 2532 inter
429 2473 477 2534 illa
494 2490 569 2552 quae
585 2480 690 2549 putant
706 2473 804 2538 cuncti
821 2490 926 2550 aspera

193 2557 277 2617 tortis
292 2557 335 2619 lui
349 2556 517 2636 laetusque,
533 2575 613 2618 nunc
630 2563 733 2616 contre
750 2557 779 2615 in
797 2564 892 2617 metus

193 2640 349 2710 reuoluor‚
367 2643 509 2703 enimus
524 2642 656 2702 haeret
677 2647 808 2701 ceretro
825 2643 905 2718 cupit

193 2742 302 2804 corpus
317 2725 440 2796 relerre,
456 2744 563 2786 moneo
579 2725 731 2787 nolentem
747 2725 882 2803 gradum.
1132 2733 1187 2783 420

193 2821 296 2870 uentu.
321 2810 405 2887 pigre
423 2810 501 2890 (quid
517 2811 575 2871 hcc
590 2811 665 2888 esti)
683 2812 798 2888 genitor
813 2811 931 2870 incessu
947 2815 1047 2886 stupet

261 3015 311 3065 396
334 3017 459 3077 notaque
483 3013 622 3064 coetibus
646 3015 677 3063 ei.
697 3013 842 3063 LMueller
873 3009 886 3080 11
918 3014 975 3064 401.
994 3013 1044 3062 402
1074 3014 1116 3062 in·

192 3097 268 3134 uersu
287 3083 377 3132 ordine
395 3083 512 3146 leuentur
529 3085 555 3130 tn
572 3080 605 3139 Ε,
625 3096 692 3131 eurr.
712 3084 728 3130 2
746 3082 788 3131 uel
806 3084 823 3130 3
840 3097 871 3130 m.
896 3080 990 3131 litteris
1013 3082 1118 3130 adscri-

212 3153 253 3200 tr‘u.
289 3146 294 3216 l
335 3149 479 3213 Thyestes.
502 3148 681 3212 Phylistenee
700 3149 725 3199 A
756 3148 953 3199 THYESTES.
978 3147 1118 3199 TANTA-

191 3166 269 3268 ἔνθ.
311 3215 525 3268 LlSTHEVES.
543 3215 708 3267 TAOITVS.
725 3217 751 3266 Ε
774 3214 786 3284 Η
808 3218 859 3268 406
876 3220 983 3280 tactum
995 3216 1037 3266 Αε
1055 3220 1117 3266 tre-

194 3289 267 3336 ctum
286 3285 337 3338 Bo.
367 3282 379 3352 ΙΙ
407 3285 458 3334 412
481 3286 632 3349 subnempe
649 3284 675 3334 E
701 3290 812 3351 repetet
829 3284 855 3334 Ε
874 3283 899 3347 (t
918 3286 968 3335 del.
988 3287 1005 3333 3
1022 3281 1067 3346 nr.)
1091 3279 1105 3350 [l

192 3352 242 3403 ctu
261 3353 343 3418 quim
363 3353 433 3418 qnod
445 3353 491 3403 Εα
507 3368 608 3404 meeum
620 3370 666 3404 em.
679 3370 720 3406 uu.
734 3369 770 3404 ecc
781 3355 857 3414 Pau,
875 3368 893 3418 9
914 3347 926 3419 ΙΙ
955 3353 1004 3402 416
1024 3367 1078 3416 qno
1090 3360 1116 3414 ψ

194 3417 259 3480 quid
278 3421 320 3470 ull
346 3419 456 3484 quode
474 3437 572 3471 uersum
585 3423 633 3471 del.
647 3422 712 3474 lep,
735 3417 747 3486 11
771 3420 907 3485 42112115.
922 3421 947 3470 A
966 3419 1076 3470 ΤΔΝΤ.
1089 3419 1117 3468 Ε

195 3481 243 3546 (sic
254 3500 304 3548 per
315 3491 393 3536 totam
404 3487 532 3553 scaenam)
555 3484 567 3554 ΙΙ
