2516 3998
186 201 226 264 18
466 213 497 259 u.
514 211 646 259 annam
663 207 820 256 sunnone

183 374 238 416 nec
254 362 377 432 coeptus
391 369 530 430 umquam
547 349 633 410 cedat
648 369 683 408 ex
700 348 804 408 animis
821 346 942 414 lnror,

183 440 234 501 sed
252 456 349 499 arma
367 437 435 498 lelix
451 442 562 503 teneat,
579 433 679 494 infelix
695 439 802 510 paret:¹
1104 439 1126 480 F.
1137 439 1197 482 Vttr

183 524 256 585 nihil
272 523 442 602 relinquent
457 519 543 580 bella.
573 527 635 578 turn
652 519 744 578 uastis
759 533 830 594 ager

185 607 333 687 squalebit
348 608 438 675 aruis,
454 604 570 666 sttbdita
587 605 673 663 tectis
689 601 752 662 lace
1120 608 1174 657 370

185 694 261 756 altus
277 690 407 770 sepultas
423 689 529 749 obruet
545 696 649 764 gentes
664 688 747 746 cinis

149 787 168 845 i'
228 778 335 838 Pacem
352 775 456 835 reduci
471 773 548 832 uelle
564 773 670 832 uictori
686 770 812 848 expedit,

122 921 125 928 .
184 865 264 924 uicto
280 879 402 921 necesse
419 867 471 919 est.
501 860 651 935 particeps
666 873 760 932 regno
776 855 854 914 ueni.

185 949 333 1007 sociemur
350 945 463 1005 animis.
494 944 601 1021 pignus
618 942 675 1000 hoc
690 939 758 1000 fidei
775 957 857 1016 cape.

186 1033 323 1107 continge
339 1031 481 1090 dextram.
502 1061 538 1070 -
556 1026 627 1104 quid
641 1026 719 1084 truci
735 1022 817 1084 uultu
834 1020 921 1082 siles?
1121 1029 1174 1078 375

151 1127 171 1174 k
231 1128 313 1176 Musa
338 1115 440 1190 Egone
461 1119 493 1172 ut
508 1111 678 1190 parentis
693 1111 837 1187 sanguine
853 1107 1023 1184 adspersam
1039 1123 1103 1166 ma·

799 1210 870 1252 num

186 1284 199 1343 l
207 1292 420 1359 ratrumqne
429 1281 544 1357 gemina
562 1279 653 1339 caede
669 1278 856 1353 contingam?
879 1277 961 1355 prius

187 1370 338 1444 extinguet
354 1374 451 1435 ortus,
468 1365 580 1425 releret
595 1381 718 1422 occasus
733 1363 821 1431 diem,

186 1472 242 1533 par
259 1459 326 1512 ante
342 1451 397 1511 sida
415 1449 533 1510 niuibus
549 1456 578 1508 et
593 1447 719 1507 llammis
734 1449 791 1508 erit

187 1546 215 1622 et
232 1535 326 1615 Scylla
343 1534 466 1596 siculum
483 1536 584 1608 iunget
599 1533 746 1592 Ausoniae
761 1531 838 1591 latus

190 1618 353 1706 [priusque
367 1623 461 1681 multo
475 1621 593 1680 uicibus
607 1621 733 1678 altonis
743 1616 850 1690 sepnor

187 1709 322 1782 Europus
337 1708 421 1767 unda
435 1706 528 1766 stabit
541 1705 666 1764 euboico
676 1695 793 1784 piper]

146 1790 174 1846 k'
229 1790 332 1850 Patrio
347 1789 492 1848 abstulisti
506 1805 598 1863 regna
615 1802 772 1864 germanos
787 1785 879 1844 larem

186 1882 310 1953 patrem.
341 1875 409 1951 quid
427 1872 501 1932 ultra
520 1873 581 1932 est?
604 1889 660 1931 nna
677 1889 726 1930 res
741 1877 878 1948 superest
892 1869 963 1930 mihi
1129 1869 1132 1876 '
1250 1873 1251 1938 l

188 1958 305 2018 lratre
321 1976 360 2017 ac
377 1964 533 2036 parente
555 1955 653 2015 carior
668 1972 761 2030 regno
777 1973 811 2014 ao
826 1952 897 2022 lare,
1122 1957 1173 2008 385

188 2043 286 2102 odium
302 2043 345 2101 tui
362 2041 439 2118 quod
457 2058 522 2100 esse
538 2058 605 2100 cum
621 2039 732 2118 populo
748 2038 821 2098 milri

187 2143 345 2187 commune
362 2124 457 2184 doleo.
487 2143 558 2203 pars
573 2132 660 2203 quota
677 2143 711 2184 ex
728 2122 777 2182 illo
794 2141 857 2182 mea
875 2123 936 2184 est?

130 2286 134 2294 Ι
154 2225 171 2273 κ
230 2210 431 2270 Dominare
448 2210 585 2269 tumidus.
615 2209 734 2286 spiritus
751 2206 825 2266 altos
840 2224 920 2285 gere.

104 2287 111 2300 '
188 2297 322 2372 sequitur
337 2293 523 2372 superbos
538 2293 616 2353 ultor
633 2309 647 2352 a
664 2300 748 2369 tergo
765 2293 845 2351 dens.

187 2379 574 2454 Thebananouiregna.
606 2376 941 2455 quidmatresloquar
1123 2379 1173 2428 390

187 2483 288 2544 passas
305 2472 334 2523 et
351 2481 436 2524 ansas
452 2463 581 2529 scelera,
599 2462 685 2538 qnid
709 2462 892 2540 geminum
911 2462 992 2521 nelas
1026 2479 1029 2484 ·

187 2551 370 2626 mixtumque
387 2566 494 2608 nomen
512 2547 644 2622 coniugis
660 2547 740 2622 gnati
757 2545 865 2622 patris?

149 2639 175 2695 u'
232 2632 326 2702 Ouid
347 2631 431 2690 bina
450 2632 572 2691 lratrum
589 2637 701 2698 castra,
718 2629 802 2708 qnid
820 2628 940 2690 totidem
957 2630 1074 2713 rogos‘ll

188 2718 266 2792 riget
282 2714 445 2792 superba
463 2714 593 2774 Tantalis
608 2713 688 2774 luctu
705 2731 812 2792 parens

256 2936 306 2985 369
324 2939 421 2984 uastos
444 2935 470 2983 V
494 2929 506 2999 ΙΙ
536 2931 588 2985 372'
609 2931 714 2997 reduci)
733 2933 743 2982 i
761 2935 787 2982 in
804 2948 857 2982 rao.
877 2936 952 2983 trium
974 2934 1106 2981 literarum

187 3001 224 3051 E²
243 2998 256 3068 ss
279 3005 330 3052 374
347 3005 484 3051 sociemur
496 2999 564 3050 E'V
578 3003 715 3051 sociemus
733 2999 797 3050 ΑΕ2
816 3001 914 3050 animis
928 3000 986 3050 EV
999 3001 1120 3050 animos-

187 3072 212 3120 A
233 3066 244 3136 ΙΙ
267 3072 318 3120 378
336 3069 400 3119 dios
413 3085 432 3119 α
448 3065 460 3126 ll
483 3071 533 3120 380
552 3070 665 3118 ausonie
683 3069 709 3117 V
725 3068 840 3117 ausonio
859 3071 898 3119 εΑ
916 3063 928 3133 ΙΙ
949 3068 997 3117 381
1016 3068 1105 3131 prius·

188 3153 268 3202 quom
292 3136 325 3186 V¹
350 3135 361 3204 Η
389 3136 507 3196 uicibus)
527 3141 573 3186 uio
591 3141 616 3185 in
633 3153 687 3188 ros.
706 3134 743 3184 Εξ
765 3133 777 3202 ΙΙ
801 3135 1064 3186 deleuiuu.381'38*2
1083 3131 1095 3200 ll

187 3209 236 3256 383
254 3210 360 3269 patrem
381 3221 404 3255 a.
419 3220 440 3256 r.
453 3220 479 3268 g.
492 3204 509 3252 l.
534 3205 689 3268 patriamco
707 3206 808 3267 patria
827 3219 851 3253 a.
865 3220 886 3256 r.
901 3218 926 3267 g.
939 3201 958 3252 l.
986 3207 1107 3267 patrem

186 3275 282 3336 scripsi
308 3270 320 3338 ΙΙ
350 3273 400 3323 385
419 3270 520 3335 carior)
540 3287 570 3320 or
587 3274 613 3320 in
631 3288 685 3323 ras.
705 3269 741 3319 E*
771 3272 893 3322 certior
916 3265 1026 3336 Witd.ll
1055 3271 1106 3321 387

188 3340 286 3390 uideo
309 3342 387 3390 Witlt.
418 3335 430 3405 ΙΙ
464 3339 565 3389 exilio
584 3339 610 3388 Ε
637 3356 669 3388 ex
688 3339 742 3388 isto
760 3342 816 3403 Αφ
845 3341 910 3389 idem
926 3353 1060 3402 suprascr.
1079 3339 1107 3386 in

188 3405 214 3454 E
252 3402 264 3471 ll
296 3410 346 3457 389
369 3409 459 3456 uictor
477 3423 499 3456 ω
529 3407 609 3455 ultor
631 3407 739 3456 JBPt'as
762 3422 810 3471 ope
834 3408 929 3457 codicis
951 3403 1107 3468 (cuiusdam)

188 3473 302 3522 Medioet'
324 3471 336 3538 {l
358 3477 409 3525 394
427 3473 551 3539 superbo
573 3475 645 3525 Grot.
670 3471 682 3538 11
