2550 3978
604 165 726 211 Munus

204 313 233 365 te
248 308 307 364 iarn
324 303 450 364 miseriis
466 302 606 380 angulum
624 322 657 363 ac
674 304 773 364 sedern
790 321 862 379 rogo

203 388 391 466 latebrasque
407 386 490 448 uiles.
522 387 596 447 urbe
612 391 637 448 si
652 388 722 467 pelli
738 387 834 464 placet

204 475 290 534 detur
305 482 437 534 remotus
452 470 557 549 aliquis
572 475 602 532 in
618 475 718 550 regnis
733 473 826 532 locus.

170 561 196 620 d'
248 571 300 618 cn.
325 556 391 617 Non
407 575 471 616 esse
487 575 535 616 me
552 559 601 634 qui
617 565 733 635 sceptra
750 557 897 618 uiolentus
912 575 1011 635 geram

202 662 258 703 nec
275 643 324 721 qui
339 641 470 720 superbo
487 643 620 702 miserias
637 642 747 702 calcem
764 642 855 718 pede,

202 735 325 788 testatus
341 726 477 804 equidem
494 727 597 786 uideor
615 727 685 787 haut
701 726 781 785 clare
796 744 901 804 parurn

203 829 380 888 generum
396 809 513 870 exulem
529 812 656 887 legendo
672 819 700 870 et
716 810 864 888 adflictum
882 820 910 872 et
925 815 1008 888 graui

201 903 317 957 terrore
333 895 472 972 pauidum
490 897 599 975 quippe
615 915 701 972 quem
716 913 831 974 poenae
848 899 957 973 expetit

202 981 322 1058 letoque
337 984 460 1042 Acastus
475 997 568 1058 regna
584 980 739 1041 thessalica
757 983 903 1058 optinens.

169 1079 182 1127 f
246 1066 334 1127 Senio
350 1072 527 1126 trementem
544 1065 632 1125 debili
649 1074 736 1143 atque
751 1083 825 1124 aeuo
843 1081 964 1140 grauem

199 1159 313 1229 patrem
331 1157 515 1228 peremptum
534 1151 667 1227 queritur
684 1158 713 1210 et
728 1150 807 1208 caesi
822 1151 900 1209 senis

200 1235 320 1296 discissa
337 1234 486 1302 membra,
504 1253 571 1294 cum
587 1235 655 1294 dolo
667 1235 775 1313 ‘ceptae
790 1242 842 1294 tuo

199 1321 265 1397 piae
281 1336 401 1379 sorores
415 1319 529 1396 inpium
545 1321 689 1380 auderent
705 1318 796 1379 nesae.

166 1407 186 1464 ε’
240 1405 342 1464 Potest
358 1403 458 1470 lason,
475 1405 595 1464 siluam
612 1421 730 1463 causam
747 1421 884 1472 amoues,

200 1507 281 1548 suam
298 1489 389 1547 tueri:
415 1486 512 1548 nullus
529 1490 690 1548 innocuum
707 1504 798 1546 cruor

164 1640 166 1643 g
200 1573 425 1645 contuminauit,
443 1573 515 1633 aluit
530 1574 611 1633 lerro
627 1589 733 1632 manus

198 1658 363 1736 proculque
378 1665 479 1716 uestro
494 1675 588 1735 purus
604 1676 620 1717 a
636 1666 722 1717 coetu
739 1657 828 1715 stetit.

164 1754 181 1803 d
242 1739 1001 1810 Tutumalorummachinatrixlacinorum,

199 1828 246 1886 cui
262 1827 388 1886 leminea
404 1828 532 1904 nequitia
548 1826 583 1884 ad
601 1825 733 1886 audenda
751 1827 848 1883 omnia

142 1915 146 1920 ’
197 1910 291 1971 robur
307 1909 392 1970 uirile
409 1918 467 1980 est,
485 1909 563 1972 nulla
578 1912 673 1970 lamae
690 1911 846 1978 memoria,

199 1995 341 2072 egredere
358 2013 450 2072 purga
467 2014 557 2072 regna
574 1995 675 2057 letales
691 1993 778 2054 simul

197 2089 294 2140 tecum
311 2081 394 2140 auler
410 2081 528 2141 herbas.
559 2081 653 2141 libera
670 2081 751 2142 ciues
767 2087 856 2140 metu.

197 2162 252 2225 alia
269 2166 376 2226 sedens
392 2164 498 2227 tellure
514 2165 635 2226 sollicita
652 2165 731 2225 dece.

165 2277 180 2310 e
240 2263 325 2309 Mur).
350 2249 514 2328 Profugere
531 2251 628 2327 cogis?
651 2248 743 2308 redde
758 2250 882 2324 fugienti
898 2256 991 2308 ratem

197 2334 247 2394 uel
262 2333 377 2394 redde
394 2352 433 2393 co
445 2337 576 2393 mitem.
609 2334 711 2409 lugere
728 2351 781 2392 cur
797 2331 889 2392 solam
906 2333 1009 2394 iubes?

177 2435 256 2493 ‚non
273 2418 334 2477 sola
350 2419 428 2476 ueni.
459 2416 537 2477 bella
553 2420 577 2477 si
593 2418 699 2477 metuis
715 2419 790 2492 pati:

196 2509 355 2578 utrumque
372 2518 463 2577 regno
479 2498 565 2579 pelle.
599 2518 652 2560 cur
668 2507 768 2558 sontes
785 2499 858 2560 duos

197 2585 370 2662 distinguis?
392 2586 433 2645 illi
448 2584 527 2645 Pelia
545 2603 615 2644 non
633 2583 740 2644 nohis
755 2584 840 2643 iacet.

264 2807 313 2855 249
336 2811 410 2855 terra
434 2806 487 2854 hac
505 2805 530 2853 A
562 2808 663 2853 terram
683 2804 708 2853 Ε
727 2808 823 2853 terrae
841 2807 873 2854 ci.
894 2805 972 2857 Grau.
1003 2811 1031 2855 te
1050 2808 1111 2857 iam
1194 2795 1199 2802 ⁸

195 2875 227 2923 ci.
245 2874 439 2938 Henneberger.
463 2870 475 2938 ll
489 2878 527 2950 „el
545 2874 569 2922 Α
595 2888 628 2922 ae
647 2872 672 2920 E
695 2869 707 2937 ΙΙ
730 2874 779 2922 252
798 2871 934 2922 uiolenter
951 2874 976 2922 Α
1005 2875 1111 2925 uiolen-

195 2980 239 3026 tus
251 2976 275 3024 E
296 2972 308 3041 ll
328 2978 378 3026 265
397 2954 504 3026 afflietl
524 2973 603 3038 (corr.
617 2990 652 3025 ex
665 2973 792 3036 afflictet)
813 2973 846 3024 Ε1
865 2971 877 3040 ΙΙ
893 2975 943 3024 256
963 2976 1062 3039 quippe
1082 2981 1110 3026 te

194 3061 220 3108 p.
240 3046 263 3092 A
284 3041 337 3107 que
352 3061 378 3108 p.
398 3044 422 3092 E
442 3046 541 3109 quippe
561 3057 653 3108 quem
672 3039 893 3108 ei.(1⁷ron.ll260
911 3041 1033 3092 disciscat
1051 3044 1076 3092 Ε
1096 3045 1109 3109 Η

195 3116 291 3176 coepte
310 3111 336 3161 Ε
364 3107 376 3177 [Ι
405 3113 454 3162 265
476 3126 644 3177 prorsusque
664 3127 682 3160 α
711 3106 723 3176 ΙΙ
752 3111 802 3159 266
821 3109 869 3160 sed
887 3113 917 3159 tu
935 3111 1069 3162 malorum
1087 3115 1110 3162 A

193 3181 393 3231 TVTVMALn
413 3181 502 3229 Reser.
523 3184 600 3229 tutu
618 3179 750 3229 malorum
768 3174 829 3243 ΕοΙΙ
852 3179 901 3227 act
923 3178 1046 3228 feminea
1066 3181 1112 3229 cui

193 3249 223 3296 ei.
242 3247 293 3298 Bo.
314 3249 443 3298 feminae
462 3251 493 3298 ci.
512 3249 576 3298 ΕΡ.
590 3244 601 3313 Η
619 3246 774 3297 audendum
792 3247 816 3294 A
847 3245 973 3294 audenda
991 3247 1016 3295 Ε
1033 3243 1110 3312 1Ιῖθὸ

80 3311 87 3322 '
193 3314 271 3364 uirile
290 3317 372 3366 robur
390 3317 414 3366 A
441 3315 565 3366 ROBVR
581 3315 708 3366 VIRILE
727 3313 795 3363 EST
813 3314 903 3365 Rescr.
927 3314 1010 3362 robur
1028 3315 1109 3365 uirile

195 3386 237 3428 est
254 3382 279 3431 Ε
307 3381 318 3448 ΙΙ
347 3386 479 3434 memoria
499 3390 542 3433 est
560 3400 578 3432 α
607 3383 686 3432 uerba
705 3381 781 3430 nulla
801 3381 892 3430 famae
913 3383 1044 3431 memoria
1062 3385 1108 3432 atior

193 3465 258 3498 sano
274 3458 344 3513 puto.
359 3449 431 3517 {1276
449 3453 538 3516 pelias
556 3451 582 3499 Ε
600 3451 680 3500 Pelia
698 3452 723 3499 Α
748 3445 760 3514 ll
