2526 3986
168 137 211 200 to
450 151 633 224 maumam
650 149 807 197 sunnone

135 324 149 359 e
553 289 612 350 Sed
628 288 814 367 quidhoc?
836 289 965 351 medium
976 294 1083 368 polum

169 377 289 436 cinxere
303 373 455 439 tenebrae.
484 374 623 434 Phoebus
639 374 766 434 obscuro
782 385 860 435 meat
1102 397 1156 446 945

168 462 233 521 sine
249 459 328 520 nube
345 458 438 519 uultu.
463 461 529 538 quis
545 459 622 520 diem
637 466 718 519 retro
734 459 816 538 lugat

169 547 288 623 agitque
303 547 332 604 in
349 541 450 604 orlusl
466 544 544 605 unde
560 563 619 604 nox
635 552 732 604 atrurn
748 552 837 622 caput

167 631 271 708 ignota
287 628 420 708 profert?
435 629 514 690 unde
529 637 573 689 tot
587 627 688 690 stellae
704 627 804 707 polum

167 714 281 795 inplent
296 714 437 775 diurnae?
454 717 568 792 primus
583 732 620 774 en
637 722 737 776 noster
752 713 837 774 labor

169 799 243 860 caeli
258 798 387 877 refulget
402 806 486 876 parte
502 817 561 858 non
578 800 698 858 minima
714 796 761 858 leo
1103 821 1157 869 950

166 885 270 963 iraque
285 891 364 944 totus
379 884 477 944 feruet
492 892 520 944 et
535 901 653 944 morsus
668 889 762 962 parat.
1085 905 1109 946 r.
1120 905 1191 946 xvir

135 969 158 1029 e'
210 970 270 1030 lam
285 971 381 1048 rapiet
397 968 514 1048 aliquod
530 969 622 1030 sidus.
653 969 766 1044 ingenti
781 969 879 1029 minax
915 999 920 1004 ·

168 1061 225 1114 stat
240 1072 293 1114 ore
309 1063 338 1114 et
352 1055 436 1132 ignes
452 1053 531 1114 efflat
546 1061 576 1113 et
590 1053 709 1114 rutilam
725 1053 824 1114 iubam

168 1140 285 1199 ceruice
300 1139 412 1198 iactans
428 1139 567 1218 quicquid
583 1147 742 1199 autumnus
758 1141 859 1216 grauis
1248 1151 1249 1196 1

163 1222 321 1301 'hiemsque
337 1223 434 1301 gelido
451 1223 594 1300 fulgidum
608 1226 703 1302 spatio
719 1224 820 1294 refert„
930 1276 932 1281 .
1103 1250 1154 1298 955

166 1325 226 1368 uno
242 1308 353 1385 impetu
368 1307 514 1388 transiliet
530 1316 558 1368 et
573 1311 659 1369 uerni
675 1315 755 1385 petet

166 1391 342 1470 frangetque
359 1394 434 1468 tauri
450 1392 535 1453 colla.

166 1489 275 1537 ΑΜΡΗ.
552 1477 648 1557 quod
664 1476 793 1538 subitum
809 1476 878 1538 hoc
894 1477 1003 1539 malum
1020 1477 1083 1538 esti

148 1575 151 1582 ’
166 1581 226 1642 quo
243 1571 330 1639 gnate
346 1561 446 1623 uultus
461 1562 519 1624 hue
535 1572 565 1624 et
578 1562 637 1624 huc
652 1580 737 1623 acres
751 1562 847 1623 refers

166 1648 289 1726 acieque
305 1644 410 1708 falsum
426 1647 543 1709 turbida
560 1647 674 1709 caelum
690 1647 792 1707 uides‘l

132 1748 146 1796 f
208 1743 311 1791 Hunc,
340 1731 507 1794 Perdomita
523 1732 625 1803 tellus,
642 1732 753 1792 tumida
771 1739 924 1794 cesserunt
938 1732 1023 1792 freta.
1102 1749 1151 1796 960

163 1818 280 1878 inferna
295 1825 413 1877 nostros
428 1835 520 1895 regna
537 1835 656 1879 sensere
672 1819 814 1894 impetus:

165 1904 285 1960 inmune
301 1900 415 1962 caelum
432 1909 476 1962 est
491 1902 596 1980 dignus
612 1900 730 1962 Alcidae
745 1901 839 1988 laloor.

165 1987 195 2044 in
211 1983 268 2044 alta
284 1985 387 2045 mundi
402 1988 495 2064 spatia
511 1987 646 2048 sublimis
662 1987 752 2047 ferar.

165 2078 283 2148 petatur
299 2070 411 2131 aether.
432 2078 519 2132 'astra
534 2073 678 2152 promittit
693 2080 787 2149 pater.
846 2129 848 2137 ,

123 2162 148 2220 f'
208 2153 285 2223 Quid
301 2155 326 2214 si
340 2157 481 2233 negaret?
500 2175 559 2217 non
576 2159 653 2235 capit
668 2165 747 2216 terra
764 2154 922 2217 Herculem
1062 2172 1150 2221 '965

166 2239 343 2318 tandemque
360 2244 476 2319 superis
491 2243 597 2302 reddit.
630 2260 666 2303 en
682 2240 759 2302 ultro
775 2250 863 2302 uocat
965 2260 968 2269 1

166 2325 261 2384 omnis
277 2324 400 2402 deorum
416 2333 517 2387 coetus
533 2335 561 2390 et
576 2327 655 2388 laxat
670 2325 751 2387 fores

164 2427 224 2470 una
239 2417 368 2471 uetante.
398 2413 506 2490 recipis
522 2423 551 2473 et
565 2429 682 2474 reseras
697 2410 799 2489 polum

165 2513 203 2554 an
219 2498 400 2568 contumacis
422 2497 538 2559 ianuam
556 2498 657 2557 mundi
675 2496 777 2556 traho?

139 2594 153 2642 f
211 2579 366 2640 Dubitatur
383 2583 488 2642 etiam?
511 2582 605 2642 uincla
621 2582 750 2642 Saturno
766 2600 872 2642 exuam
1101 2599 1149 2647 970

168 2671 330 2741 contraque
348 2667 437 2741 patris
452 2668 526 2745 inpii
541 2685 668 2743 regnum
683 2668 820 2745 inpotens

166 2766 253 2808 auum
270 2749 428 2810 resoluam.
453 2749 530 2812 bella
546 2751 664 2811 Titanes
679 2758 786 2828 parent

166 2851 213 2892 me
229 2833 304 2892 duce
320 2834 461 2896 furentes
485 2854 555 2896 saxa
570 2855 637 2897 cum
653 2835 735 2897 siluIs
751 2835 845 2896 feram

233 3024 283 3073 944
301 3021 373 3072 diem
391 3037 411 3070 ω
435 3023 545 3086 polum
561 3025 656 3086 scripsi
684 3019 695 3089 ΙΙ
724 3024 774 3074 946
793 3023 853 3086 quis
871 3021 948 3086 EVap
973 3019 1038 3086 quid
1057 3021 1081 3069 Α

165 3090 298 3156 fugiatE
327 3087 338 3156 ll
367 3092 416 3140 952
435 3092 528 3156 rapiat
545 3091 609 3140 EVl
631 3093 723 3155 rapiet
741 3091 766 3139 A
796 3087 807 3156 ll
837 3091 886 3140 953
906 3090 986 3140 afflat
1008 3087 1042 3139 V¹
1060 3083 1072 3152 ll

164 3160 276 3208 rutilam
294 3158 349 3208 EV
370 3158 504 3208 rutilatA
528 3156 539 3226 Η
563 3162 612 3210 955
631 3159 722 3224 gelido
742 3157 885 3222 frigidam
910 3155 1015 3222 (gelida
1033 3156 1083 3206 fri·

162 3226 228 3291 gido
246 3228 321 3285 1114)
350 3227 510 3290 fulgidum
533 3229 613 3278 Witlt.
645 3224 657 3294 ll
690 3229 740 3278 958
762 3226 947 3288 hucillucqr
982 3225 1036 3274 huc
1056 3229 1084 3272 et

161 3293 233 3342 illuc
251 3295 417 3358 crotopi)
434 3292 504 3356 (illic
526 3295 572 3360 V')
592 3296 645 3344 huc
664 3301 691 3344 et
709 3296 763 3344 huc
782 3294 822 3344 εΑ
852 3291 864 3358 ll
893 3295 980 3344 refert
1002 3291 1036 3342 Vl
1060 3287 1072 3356 ll

162 3362 214 3409 962
239 3361 351 3425 dignum
368 3361 403 3410 El
432 3360 443 3428 ΙΙ
471 3366 522 3414 964
539 3369 630 3414 astres
647 3363 679 3413 V¹
710 3359 721 3429 ΙΙ
753 3364 804 3413 966
827 3361 963 3412 reddetR
992 3357 1003 3426 ΙΙ
1033 3361 1082 3410 968

164 3428 255 3491 recipi
273 3429 320 3478 sed
338 3429 394 3478 EV
419 3427 432 3496 Η
461 3432 602 3482 contrahi
625 3433 651 3480 V
675 3431 826 3480 trahamR
855 3427 866 3496 l]
