2490 3984
414 209 596 258 nnncuuns
614 195 804 278 [cernuus]
1002 193 1066 260 369

151 353 254 415 lassata
271 353 354 432 prior
371 357 488 412 estnon
504 355 533 410 et
548 358 713 411 extremum
730 350 820 410 chaos

151 441 178 499 in
193 456 241 499 me
256 437 428 497 incucurrit.
461 435 531 495 inde
546 434 582 494 ad
598 434 678 496 hune
694 434 797 495 erbam
814 434 878 495 redi

150 540 235 585 nemo
250 521 329 582 unde
344 527 435 581 retro.
466 518 586 580 tulimus
601 522 705 580 oceani
721 521 815 579 minas

150 625 202 668 nee
218 605 277 666 ulla
293 603 386 666 ualuit
401 610 524 683 quatere
538 611 699 683 tempestas
715 610 808 664 ratem
1085 615 1119 664 50

151 707 368 771 quamcumque
383 690 488 766 pressi.
520 705 589 766 pars
606 695 693 767 quota
709 685 760 750 'est
776 705 864 766 quam
880 688 1065 767 prosequor?

150 780 206 837 iam
222 792 335 836 uacuus
351 772 453 835 aether
468 790 528 832 non
544 780 643 852 potest
658 773 725 833 odio
741 781 808 833 tuae

151 861 287 922 sufficere
303 867 413 937 nuptae
430 875 563 936 quasque
579 856 734 918 deuincam
751 857 830 917 ieras

152 945 236 1006 tellus
250 945 335 1004 timet
351 944 510 1021 concipere
525 959 582 1002 nec
597 949 729 1003 menstra
744 942 866 1002 inuenit.

150 1031 229 1091 serae
245 1026 409 1106 negantur?
433 1025 576 1088 Hercules
592 1029 716 1086 monstri
731 1025 797 1086 ioco

150 1117 205 1176 iam
223 1115 320 1190 eoepit
335 1129 415 1173 esse:
439 1117 549 1189 quanta
564 1115 642 1172 enim
657 1112 732 1189 iregi
748 1108 840 1180 mala,

148 1206 220 1279 quet
235 1197 347 1259 scelera
364 1197 471 1257 nudus,
502 1195 641 1274 quicquid
656 1197 776 1256 inmane
793 1194 919 1263 obstitit,

148 1283 228 1344 solae
244 1299 349 1343 manus
364 1289 508 1341 strauere.
539 1298 594 1342 nec
610 1280 727 1341 iuuenis
744 1279 822 1340 ieras

150 1369 234 1426 timui
249 1385 305 1426 nee
320 1365 427 1425 inians.
439 1433 445 1444 ⁶
459 1364 598 1442 quicquid
615 1373 659 1424 est
673 1366 801 1432 iussum,
818 1361 884 1424 leue
901 1371 945 1423 est
1002 1437 1006 1446 1

150 1469 204 1511 nee
219 1449 276 1510 ulla
293 1448 378 1508 nobis
394 1448 492 1524 segnis
507 1446 611 1507 inluxit
627 1447 697 1508 dies.
739 1455 742 1464 '
1084 1458 1120 1507 60

150 1553 168 1594 0
184 1542 291 1612 quanta
308 1531 371 1593 iudi
387 1539 519 1591 menstra
535 1549 610 1610 quae
626 1531 725 1592 nullus
740 1531 813 1590 mihi

150 1637 203 1678 rex
218 1617 386 1696 imperauit.
418 1616 523 1675 institit
538 1616 632 1688 uirtus
647 1615 720 1675 mihi

151 1703 264 1762 lunone
279 1702 372 1779 peior.
405 1698 456 1760 sed
474 1699 544 1776 quid
560 1699 732 1776 inpauidum
749 1715 844 1774 genus

151 1787 255 1848 iecisse
271 1781 411 1864 prodest?
433 1801 492 1843 non
507 1782 619 1843 habent
633 1802 737 1862 pacem
754 1783 817 1843 dei:
867 1849 870 1854 .

151 1878 275 1951 purgata
292 1869 380 1930 tellus
397 1869 491 1928 omnis
506 1868 536 1926 in
553 1866 635 1928 caelo
650 1869 732 1929 uidet

152 1956 361 2034 quodcumque
376 1955 488 2013 timuit:
512 1952 661 2014 transtulit
675 1953 748 2012 lune
763 1954 851 2014 ieras.

152 2040 249 2101 ambit.
259 2045 431 2118 peremptus
448 2055 555 2098 cancer
571 2038 723 2098 ardentem
739 2037 855 2114 plagam

150 2125 318 2204 Libyaeque
335 2124 416 2184 sidus
431 2121 527 2182 fertur
543 2128 572 2181 et
586 2139 698 2183 messes
714 2120 772 2182 alit.
852 2187 855 2192 ,

149 2227 259 2270 annum
275 2210 411 2286 fugacem
425 2206 516 2267 tradit
530 2206 670 2268 Astraeae
684 2206 747 2276 lec,

149 2295 258 2373 etipse
273 2296 385 2353 iactans
400 2291 545 2352 feruidam
562 2290 639 2352 collo
654 2291 753 2352 iubam

150 2385 281 2439 austrum
299 2377 466 2438 madentem
483 2377 575 2437 siccat
590 2383 619 2437 et
634 2375 751 2436 nimbos
767 2376 853 2454 rapit.

219 2547 252 2596 47
271 2546 381 2600 Laxata
398 2561 448 2610 per
465 2560 509 2594 me
527 2559 580 2595 nox
598 2545 623 2594 A
650 2545 683 2594 L.
702 2560 753 2609 per
769 2561 812 2595 me
831 2546 979 2596 estnoxR
1001 2545 1071 2595 Las-

149 2616 216 2663 sata
238 2615 313 2678 prior
336 2616 379 2662 est
400 2628 455 2662 nex
473 2611 498 2661 Ε
527 2613 638 2662 Laxata
656 2614 743 2678 peior
760 2628 814 2664 nox
838 2613 916 2666 droa.
946 2613 1070 2664 Lassata

149 2695 201 2742 per
213 2697 266 2730 me.
285 2681 345 2730 Nox
360 2680 412 2730 GR
425 2676 437 2746 ΙΙ
448 2682 482 2730 48
497 2680 650 2730 incucurrit
662 2679 688 2728 E
704 2681 858 2744 incurritur
878 2681 999 2732 cucurrit
1011 2681 1036 2732 A
1057 2681 1070 2744 11

148 2751 184 2798 49
206 2747 287 2798 Unde
311 2763 389 2798 omne
412 2752 486 2798 retro
511 2751 554 2796 est
575 2747 601 2796 ,Ε
629 2747 709 2798 Unde
732 2764 812 2798 nemo
836 2752 909 2799 retro
933 2757 956 2830 sp
981 2751 1071 2810 (retro
1160 2809 1162 2814 .

151 2820 197 2866 est
220 2815 259 2879 n)
292 2813 325 2866 U.
348 2819 421 2865 retro
444 2831 523 2865 nemo
548 2830 567 2864 α
600 2815 686 2866 Nemo
711 2816 783 2866 unda
806 2819 879 2868 retro
902 2819 996 2881 scripsi
1017 2833 1071 2866 eum

150 2884 279 2933 Ascensio
291 2878 303 2948 11
315 2885 346 2933 51
365 2883 544 2947 Quacumque
562 2883 626 2934 itta
638 2879 650 2950 ll
660 2885 764 2948 pressit
781 2885 806 2932 Ε
817 2880 829 2950 ΙΙ
841 2899 954 2950 perseus
972 2885 1027 2934 mei
1046 2884 1072 2933 E

149 2953 219 3001 unde
232 2951 338 3000 Nereus
350 2951 406 3000 mei
419 2953 449 3004 ct.
465 2951 539 3000 NHe.
551 2945 563 3016 ΙΙ
576 2965 657 3031 quam
670 2967 820 3017 prosequor
832 2952 857 3001 A
894 2954 926 3003 52
944 2967 1034 3016 uagus
1047 2951 1072 3000 Ε

149 3033 259 3068 uacuus
277 3019 302 3067 A
332 3019 440 3067 uarius
457 3020 606 3082 scripserim
623 3022 687 3069 cont.
704 3037 745 3073 uu
763 3021 796 3070 65
815 3021 846 3070 72
870 3017 873 3084 1
905 3021 995 3085 potuit
1012 3019 1037 3068 Ε
1057 3021 1069 3082 ΙΙ

148 3085 475 3137 54baa³atsuntcrs1o
498 3089 510 3152 Η
533 3086 566 3136 56
590 3091 695 3150 quanta
713 3103 786 3137 nunc
804 3087 877 3152 fregi
895 3105 916 3138 ω
946 3104 972 3154 q
993 3104 1073 3138 con-

148 3155 226 3219 fregi
244 3155 316 3204 Deir.
348 3169 373 3218 q.
399 3154 528 3204 enimf.
549 3153 597 3204 Bo.
628 3159 731 3219 quanta
751 3155 855 3206 adhuc
873 3157 905 3206 ci
926 3151 1071 3222 6111159

148 3222 215 3272 leue
234 3226 277 3272 est
295 3221 335 3272 εΑ
355 3224 399 3272 est
416 3237 462 3273 om.
482 3217 574 3288 191164
590 3222 721 3356 Freqisse
734 3223 759 3272 Ε
776 3223 890 3274 Fecisse
904 3223 928 3272 A
942 3219 954 3289 Η
966 3225 998 3274 68
1016 3223 1072 3274 fer

150 3293 197 3340 tur
217 3293 297 3340 etm.
316 3307 338 3340 ω
356 3289 531 3340 fertilium.
552 3290 619 3340 NHs
647 3287 651 3356 Ι
674 3305 783 3342 menses
801 3291 827 3340 Ε
844 3306 948 3342 messes
966 3293 991 3341 A
1009 3288 1021 3358 11
1039 3293 1072 3342 69

149 3357 282 3436 fugpcem
294 3358 319 3408 Ε
335 3359 410 3410 Voss.
424 3358 529 3409 [Parsis.
548 3358 674 3422 fugssem
689 3358 865 3409 Groaouiaaus
883 3360 999 3424 fugatae
1012 3361 1037 3410 A
1058 3360 1072 3424 ΙΙ

149 3424 211 3474 70·
203 3439 263 3488 epse
282 3426 307 3474 Ε
325 3425 373 3475 ilie
392 3422 442 3484 All
459 3425 519 3476 eelo
538 3427 598 3488 Εψ
618 3425 703 3476 collo
722 3443 741 3476 α
759 3428 794 3490 cf.
812 3428 892 3478 Here
913 3427 931 3476 I
947 3444 971 3477 u
985 3431 1038 3479 953
1058 3428 1072 3490 11

152 3493 188 3542 71
207 3493 281 3556 rapit
299 3493 324 3540 Ε
342 3493 428 3543 trehit
446 3495 470 3542 A
495 3489 507 3559 ΙΙ

205 3590 327 3625 semaces
343 3590 424 3629 unna
826 3576 869 3639 24
