2502 3978
165 175 227 242 150
435 192 467 240 u.
492 191 625 239 annam
648 191 805 238 sannone

162 337 193 391 at
207 332 231 390 si
247 332 313 409 quis
327 330 405 391 ultro
421 350 452 391 se
469 330 553 392 malis
568 332 655 391 offert
670 329 774 392 uolens

163 433 254 494 seque
269 415 332 494 ipse
347 423 482 495 torquet,
500 415 626 495 perdere
642 422 687 476 est
701 414 807 493 dignus
822 413 898 474 bona

164 501 229 578 quis
244 502 338 560 nescit
352 502 404 561 uti.
434 501 533 580 potius
549 518 694 561 annorum
710 517 826 560 memor

162 592 291 645 mentem
307 583 425 646 relaxa:
450 585 587 646 noctibus
603 585 685 645 lestis
700 585 796 644 lacem
950 651 953 658 ,

162 667 278 739 attolle,
303 687 389 730 curas
404 669 539 730 baconus
555 676 699 730 exoneret
714 685 837 747 graues,

162 762 257 813 aetate
273 753 388 815 lruere:
412 753 513 814 mobili
529 773 619 815 cursu
634 755 718 832 fugit.
853 752 855 759 ’

126 838 152 896 e'
207 837 292 898 Nunc
307 837 391 900 lacile
406 847 509 916 pectus
523 849 607 915 grata
624 855 704 898 nune
719 839 820 898 iuueni
835 838 950 897 Venus:

162 921 272 981 exultet
287 924 410 984 animus.
441 941 495 983 cur
511 930 576 983 toro
592 923 684 983 uiduo
698 921 795 983 iaces‘t

162 1007 275 1066 tristem
291 1008 441 1068 iuuentam
458 1007 556 1077 solue,
580 1025 660 1068 nunc
676 1025 782 1068 cursus
797 1023 871 1083 rape

162 1090 280 1151 effunde
296 1091 426 1152 habenas
442 1095 568 1170 optimos
583 1093 662 1152 uitae
678 1091 741 1153 dies

162 1173 286 1235 ellluere
300 1175 438 1254 prohibe.
468 1177 586 1254 propria
602 1176 758 1254 descripsit
774 1176 847 1235 deus

156 1258 256 1318 vcilicia
273 1267 302 1318 ct
316 1278 423 1321 aeuum
438 1279 493 1337 per
508 1279 578 1321 suos
594 1262 676 1322 duxit
691 1260 810 1338 gradus.

161 1339 268 1402 laetitia
283 1345 436 1415 iuuenem,
453 1346 536 1405 lrous
551 1345 637 1406 decet
651 1345 743 1404 tristis
758 1361 870 1406 senem.

119 1426 152 1486 e''
206 1425 281 1495 Quid
297 1435 326 1487 te
341 1423 483 1490 coherces
500 1437 528 1488 et
543 1446 631 1490 necas
646 1438 758 1489 rectam
775 1426 926 1488 indolem?

160 1527 245 1586 seges
261 1508 307 1570 illa
325 1530 464 1590 maguum
481 1513 566 1574 lenus
582 1513 730 1591 agricolae
747 1513 829 1572 dabit

153 1612 366 1673 quaecumque
383 1595 467 1657 laetis
484 1605 583 1658 tenera
600 1597 730 1658 luxuriat
745 1599 816 1657 satis

161 1678 310 1759 arborque
326 1679 404 1740 celso
420 1684 532 1742 uertice
548 1684 668 1743 euincet
683 1699 789 1742 nemus

160 1780 248 1840 quam
264 1782 323 1823 nou
339 1763 466 1843 maligna
481 1767 576 1826 caedit
591 1776 641 1827 aut
656 1776 773 1826 resecat
788 1783 904 1826 manus.

160 1846 279 1923 ingenia
294 1848 398 1909 melius
413 1859 492 1910 recta
509 1868 541 1911 se
556 1853 586 1911 in
602 1845 705 1911 laudes
722 1850 823 1911 lerunt

162 1931 186 1989 si
200 1928 330 1990 nobilem
345 1935 475 1994 animum
490 1942 594 2012 uegeta
610 1934 732 1995 libertas
748 1934 808 1994 alit.
968 2004 970 2009 ¹

119 2020 132 2070 f
203 2012 402 2078 Truculentus
418 2025 447 2077 et
462 2017 599 2080 siluester
615 2037 648 2079 ac
664 2021 743 2079 uitae
758 2020 871 2079 inscius

162 2096 275 2156 tristem
292 2099 445 2163 inuentum
462 2104 576 2163 Venere
592 2104 709 2164 deserta
727 2103 810 2163 colis.

161 2177 219 2238 hoc
235 2197 298 2241 esse
314 2200 420 2246 munus
436 2186 532 2246 credis
547 2187 690 2248 indictum
707 2189 795 2256 uiris,

162 2269 194 2321 ut
210 2262 282 2323 dura
299 2265 425 2329 tolerent
441 2269 578 2330 cursibus
594 2272 740 2332 domitent
754 2289 848 2350 equos

161 2352 189 2405 et
205 2364 292 2407 saeua
308 2348 385 2409 bella
401 2353 494 2414 Marte
509 2357 671 2432 sanguineo
688 2356 812 2433 gerant?

125 2453 143 2501 g
203 2430 332 2491 Excedat
346 2436 471 2511 agedum
489 2438 580 2498 rebus
595 2439 734 2500 humanis
749 2441 850 2500 Venus

160 2528 235 2588 quae
250 2516 366 2591 supplet
381 2537 415 2578 ac
431 2523 558 2582 restituit
573 2523 748 2584 exhaustum
765 2541 877 2600 genus:

160 2594 241 2654 orbis
255 2597 360 2657 iacebit
375 2602 507 2680 squalido
524 2607 619 2684 turpis
635 2608 708 2674 situ,

159 2695 286 2737 uacuum
302 2683 365 2742 sine
381 2685 448 2744 ullis
464 2687 607 2748 classibus
622 2690 711 2751 stabit
727 2709 810 2752 mare

159 2758 278 2837 alesque
294 2765 375 2825 caelo
391 2767 468 2830 derit
482 2779 511 2830 et
525 2771 607 2832 siluis
622 2773 685 2834 lora

158 2842 229 2902 solis
244 2852 273 2904 et
289 2852 340 2905 aer
355 2853 477 2927 peruius
492 2858 589 2915 uentis
605 2859 670 2916 erit.

158 3011 359 3022 ...ψ-...ῃ-

224 3110 274 3160 449
294 3114 352 3160 anti
364 3114 398 3171 Ε1
419 3123 448 3166 at
464 3121 488 3168 si
506 3120 542 3168 Ε3
554 3118 565 3188 ΙΙ
577 3126 628 3174 452
648 3129 789 3178 montibus
803 3130 828 3178 A
848 3132 986 3182 noctibus
999 3133 1070 3182 EMc

158 3175 207 3223 457
225 3174 303 3225 luxus
322 3179 346 3227 A
370 3181 447 3232 lusus
464 3193 499 3245 ψ·
512 3202 608 3240 cursus
627 3191 652 3239 E
676 3189 742 3257 (aps.
763 3213 780 3244 a
800 3201 818 3247 3
837 3214 887 3249 m..·
907 3204 955 3260 ‚et
974 3199 1067 3263 lusus)

158 3239 208 3287 400
226 3241 301 3290 ducit
319 3260 338 3293 α
356 3246 433 3298 duxit
451 3252 500 3311 Εψ
523 3249 534 3318 ΙΙ
557 3259 607 3305 462
627 3259 768 3314 coheredes
786 3264 813 3312 E
830 3261 843 3330 ll
863 3267 917 3316 465
938 3269 1050 3319 euinoit
1071 3268 1099 3318 A

157 3304 270 3353 euineet
282 3309 307 3354 E
318 3306 330 3372 ll
341 3313 391 3363 469
411 3330 425 3364 e
438 3318 514 3367 uitae
527 3323 552 3368 A
572 3339 606 3373 ac
619 3327 697 3376 uitae
711 3329 737 3376 Ε
748 3325 760 3394 ΙΙ
772 3332 826 3382 470
839 3333 919 3384 coles
939 3336 967 3384 Ε
979 3333 992 3402 ΙΙ
1009 3337 1101 3386 474-

160 3367 288 3482 {baffi
311 3390 334 3421 ιι.
354 3379 405 3426 484
422 3387 536 3447 relepeai
553 3398 659 3441 auctore
679 3394 747 3445 ΕΡ.
772 3394 785 3462 fl
814 3400 866 3450 478
891 3403 1025 3454 restituit
1044 3405 1073 3453 E
1092 3401 1102 3468 ΙΙ

283 3454 304 3483 m
325 3441 348 3485 A
370 3446 528 3499 exhaustum
548 3468 561 3503 ε
584 3454 595 3520 ΙΙ
