2550 3978
217 188 280 253 252
499 204 529 248 n.
546 203 679 248 nunant
695 201 851 248 sennenn
869 169 874 182 ’

184 344 210 402 d'
262 357 317 403 vn.
342 342 435 404 Stulta
451 352 496 402 est
512 341 584 401 fides
600 339 697 400 celare
713 341 790 418 quod
808 340 916 417 prodas
930 342 1039 400 statim.

218 442 324 489 nupta.
349 428 480 486 animosa
497 425 594 486 nullos
610 434 704 485 mater
720 425 845 485 admittit
861 433 965 485 metus.

219 526 275 572 vn.
300 513 348 572 laic
364 513 427 587 ipse
444 528 504 588 quo
520 528 600 571 nnnc
615 518 773 569 contumax
789 521 903 587 perstas
918 527 1001 570 amor

219 595 375 657 consulere
391 597 493 674 paruis
508 595 610 655 liberis
625 593 740 654 Danaos
755 603 865 653 mouet.

219 688 287 759 post
301 698 382 740 arma
398 689 456 740 tam
474 678 631 756 longinqua
649 689 716 757 post
731 697 824 738 annos
839 679 940 738 decem

218 767 316 825 minus
331 767 466 825 timerem
483 783 556 842 quos
573 764 642 823 lacit
657 762 779 823 Calchas
795 771 904 831 metus,
1003 792 1014 816 ,

219 851 243 910 si
258 851 330 909 milri
347 849 495 910 timerem:
513 847 589 909 bella
604 847 782 908 Telemacho
798 865 893 926 paras.

187 936 222 995 e''
265 947 370 994 ANDR.
394 934 488 995 lnuita
505 931 601 992 Vlixes
616 932 754 1008 gaudium
771 933 878 992 Danais
893 931 984 992 dabo:

220 1019 349 1079 dandum
366 1027 418 1078 est.
451 1018 543 1078 latere
559 1035 634 1095 quos
650 1019 760 1096 premis
777 1015 873 1076 luctus
888 1016 981 1076 dolor.

221 1104 346 1182 gaudete
362 1103 481 1164 Atridae
496 1109 586 1181 tuque
602 1101 740 1168 laetifica,
758 1109 789 1162 ut
805 1100 895 1171 soles,

220 1190 301 1262 reler
317 1186 462 1265 Pelasgis:
479 1187 615 1247 Hectoris
632 1185 731 1263 proles
746 1186 817 1245 obit.

220 1287 275 1333 vu.
301 1280 329 1333 et
345 1290 409 1332 esse
425 1290 531 1332 uerum
548 1271 605 1331 hoc
621 1289 677 1348 qua
694 1270 804 1348 probas
819 1270 926 1330 Danais
941 1271 1015 1330 tinet

186 1367 199 1415 f
263 1371 369 1417 ANDR.
393 1355 434 1416 lta
451 1355 529 1434 quod
546 1357 653 1416 minari
669 1359 827 1415 maximum
845 1357 939 1416 uictor
955 1363 1052 1432 potest

222 1444 372 1519 contingat
388 1446 417 1525 et
432 1459 479 1501 me
496 1441 552 1500 lata
569 1449 685 1500 maturo
701 1444 779 1500 exitu

221 1525 356 1604 facilique
373 1524 489 1586 soluant
504 1543 538 1584 ac
554 1543 620 1584 meo
637 1526 764 1585 condant
778 1524 841 1584 solo

222 1620 251 1672 et
267 1613 358 1688 patria
376 1609 460 1670 tellus
476 1610 634 1670 Hectorem
651 1608 759 1670 leuiter
775 1618 904 1687 premat,

188 1697 208 1756 t‘
264 1697 299 1754 Vt
314 1696 380 1756 luce
397 1697 502 1754 caruit.
535 1697 613 1756 inter
630 1696 774 1754 extinctos
790 1696 866 1755 iacet

94 1854 98 1862 ι
222 1780 365 1858 datusque
381 1779 494 1840 tumulo
512 1778 610 1839 debita
627 1779 768 1838 exanimis
784 1778 856 1838 tulit.

90 1863 95 1874 “
180 1894 183 1900 ·
222 1878 278 1924 VL.
303 1863 417 1941 expleta
435 1859 491 1924 lata
509 1867 602 1942 stirpe
618 1862 731 1923 sublata
748 1863 883 1922 Hectoris

222 1948 405 2027 solidamque
421 1966 524 2026 pacem
541 1947 634 2007 laetus
649 1948 685 2007 ad
702 1949 817 2008 Danaos
833 1949 926 2006 leram
941 1982 984 1993 -

187 2045 204 2093 d
229 2106 232 2112 Ι
265 2032 340 2102 Quid
357 2033 418 2110 agis
435 2031 556 2092 Vlixei
580 2032 729 2092 Danaidae
745 2033 868 2092 credent
883 2031 953 2092 ubit
1041 2029 1043 2034 ’

222 2125 252 2177 10
270 2117 337 2176 cuii
361 2117 486 2194 parenti.
517 2118 600 2193 lingit
615 2135 652 2176 an
669 2119 823 2194 quisquam
840 2117 896 2176 hoc
912 2135 1019 2193 parens

222 2221 279 2262 nec
295 2201 509 2264 abominandae
524 2202 628 2260 mortis
643 2203 806 2280 auspicium
824 2201 930 2279 pauet?

223 2287 350 2365 auspicia
369 2293 503 2345 metuunt
519 2286 568 2362 qui
585 2284 656 2344 nihil
673 2287 767 2346 maius
788 2287 899 2345 timent.

221 2370 308 2431 tidem
325 2369 464 2446 adligauit
479 2371 668 2439 iureiurando
684 2389 776 2431 suant.

222 2457 246 2515 si
263 2457 387 2535 peierat,
404 2456 509 2514 timere
524 2455 593 2533 quid
609 2456 729 2531 grauius
745 2455 861 2531 potest?

188 2542 213 2600 d'
266 2541 351 2600 Nunc
367 2541 477 2600 adunca
494 2551 574 2600 astus
590 2542 686 2599 anime
702 2557 781 2599 nunc
797 2540 915 2599 fraudes
931 2539 1029 2608 dolos,

290 2812 340 2860 696
352 2811 409 2859 VL.
425 2813 448 2858 A
467 2818 545 2860 caetra
557 2826 656 2860 caeream
669 2809 693 2857 Ε
706 2817 787 2873 omap
804 2807 815 2874 11
831 2811 871 2859 dic
882 2811 973 2874 lepitor
985 2826 1076 2859 uersus
1088 2810 1139 2859 EA

222 2878 284 2928 itm
297 2877 402 2928 IIPotl.
422 2893 502 2941 supro
514 2884 573 2927 onte
586 2895 609 2928 u.
623 2880 708 2941 terp
727 2879 885 2940 transposuit
902 2883 963 2942 post
979 2895 1004 2926 u.
1018 2880 1068 2928 697
1088 2878 1140 2928 na-

221 2947 368 3010 plzelerrpiua
383 2941 396 3011 11
412 2947 461 2996 591
480 2945 564 2995 AND.
583 2945 608 2993 Ε
625 2962 672 2996 orn.
684 2946 708 2994 A
728 2946 784 2994 VL.
800 2941 844 3010 iil]
861 2945 984 2994 admittit
996 2945 1021 2994 Ε
1040 2945 1140 2994 admit·

222 3009 320 3079 1101411
337 3016 386 3064 698
404 3013 475 3065 VLI.
495 3012 520 3061 E
532 3030 579 3062 om.
594 3013 618 3061 A
635 3009 647 3078 11
663 3013 790 3077 pertinax
808 3013 832 3062 R
847 3009 851 3076 1
875 3014 925 3062 599
943 3017 1037 3062 mouet
1052 3029 1095 3078 pr.
1109 3030 1141 3062 m.

221 3088 249 3131 ut
260 3083 362 3132 uidetur
374 3081 427 3145 Εψ
444 3085 538 3130 monet
550 3081 574 3129 A
588 3078 599 3145 11
616 3083 665 3131 600
677 3086 734 3129 tem
747 3096 794 3130 om.
807 3079 832 3128 Ε
848 3077 854 3144 1
877 3082 926 3130 601
940 3081 1012 3129 facit
1024 3081 1049 3128 Ε
1068 3082 1142 3130 facis

222 3149 246 3199 A
268 3146 333 3216 1603
345 3149 429 3199 AND.
449 3165 495 3200 om.
515 3164 533 3197 α
544 3143 557 3214 11
568 3148 660 3198 inuita
678 3147 743 3197 Ε11Ε
761 3148 863 3197 Immiti
879 3149 904 3198 A
916 3145 928 3214 11
945 3148 1034 3198 ulixes
1052 3147 1141 3212 (eroco

222 3219 253 3267 s?
278 3216 304 3265 Ε
321 3217 414 3279 Vlyssi
426 3217 493 3265 Α11Ε
504 3213 515 3282 11
529 3232 562 3264 00
574 3217 682 3266 Danais
695 3217 719 3264 A
733 3232 766 3265 ee
779 3233 826 3265 um.
841 3211 950 3282 Ε11606
963 3217 1036 3265 soles
1050 3218 1100 3280 (tit.
1111 3231 1142 3266 es

222 3301 253 3336 m.
262 3283 328 3348 sec.)
340 3285 363 3333 Ε
375 3279 386 3350 11
399 3286 448 3335 609
461 3285 510 3333 ita
523 3300 564 3334 me
576 3279 724 3348 Soooooatt
736 3285 784 3332 611
798 3284 914 3347 patriam
927 3285 953 3332 Ε
964 3279 975 3349 11
987 3284 1037 3333 612
1052 3285 1144 3333 caruit

222 3351 273 3399 EA
294 3357 372 3401 caret
390 3357 420 3400 ut
438 3351 478 3400 Md
497 3352 558 3402 luce
578 3367 679 3414 cassus·
694 3355 806 3401 nonrmlli
822 3353 897 3401 codd.
916 3359 935 3401 t.
957 3352 1032 3404 NHs.
1056 3348 1068 3418 11
1092 3353 1143 3401 616

223 3417 309 3466 donni
326 3420 370 3468 die
388 3420 414 3468 Ε
436 3419 471 3468 D.
490 3420 531 3468 de
551 3420 624 3468 NHs.
649 3419 795 3468 Danaidae
814 3419 838 3467 A
856 3416 933 3485 11617
952 3421 1098 3484 quisquam
1116 3419 1143 3467 Ε

223 3484 372 3547 quidquam
393 3483 542 3551 1111110οΕ
560 3505 606 3540 om.
620 3487 644 3536 A
657 3483 728 3553 11621
748 3489 869 3551 perierat
886 3499 909 3550 ψ
932 3484 944 3553 11
