2526 3986
540 211 718 261 THYESTES

169 361 273 432 gnatos
289 361 321 414 ut
335 351 470 423 habeam,
487 351 600 413 scelere
616 353 695 431 quod
711 353 793 414 saluo
809 353 872 414 dari

169 438 297 517 odioque
313 437 418 516 possit,
436 438 527 498 lratcr
544 437 600 497 hoc
616 438 738 498 tratrem
755 456 844 558 rogo:

152 522 296 619 sepelire
311 521 406 583 liceat.

431 605 532 667 Redde
547 607 627 686 quod
646 624 751 667 cernas
766 596 864 668 statim

169 694 224 752 uri.
252 691 324 752 nihil
340 697 368 751 te
384 692 502 768 genitor
516 691 673 752 habiturus
688 709 761 770 rogo
1047 707 1068 750 r.
1083 709 1187 751 cxxxv

167 778 219 838 sed
236 775 415 855 perditurus.
846 775 851 784 '

167 875 245 922 Arx.
455 859 595 940 quicquid
611 878 628 921 e
642 863 739 938 gnatis
753 862 813 921 tuis

168 953 306 1026 superest
321 944 428 1015 habes,
446 945 655 1025 quodcumque
669 963 730 1006 non
746 954 883 1024 superest
897 945 999 1010 habes.
1104 971 1169 1020 1035

167 1044 248 1090 nnn.
276 1038 414 1091 utrumne
430 1031 527 1090 saeuis
541 1028 684 1107 pabulum
699 1029 817 1090 alitibus
832 1031 939 1102 iacent,

167 1133 207 1176 an
222 1113 320 1175 beluis
336 1115 514 1176 seruantur?
531 1132 568 1174 an
583 1119 710 1193 pascunt
723 1115 821 1176 lerasl

166 1213 248 1260 ΛΤΒ.
277 1199 411 1280 epulatus
426 1201 489 1278 ipse
505 1218 537 1260 es
551 1200 631 1277 inpia
647 1205 732 1258 natos
748 1198 832 1278 dape.

134 1284 151 1334 f
211 1297 292 1344 er.
319 1283 395 1344 lloc
417 1292 475 1345 est
496 1284 568 1345 deos
582 1283 678 1362 quod
695 1285 808 1360 puduit.
835 1284 893 1346 hoo
909 1287 967 1364 egit
983 1286 1062 1348 diem

167 1387 311 1430 auersum
326 1371 355 1428 in
372 1376 464 1431 ortus.
492 1385 564 1449 quas
579 1370 670 1429 miser
687 1385 776 1429 uoces
792 1367 886 1430 dabo.
1106 1393 1170 1442 1040

165 1457 348 1532 questusque
362 1455 455 1533 quest
477 1471 553 1534 quae
568 1452 660 1515 uerba
677 1453 826 1515 sufficient
839 1454 929 1515 mihil
1001 1525 1006 1540 x

166 1537 282 1598 abscisa
299 1556 390 1598 cerno
406 1540 500 1618 capita
518 1544 547 1598 et
562 1536 681 1600 auulsas
697 1555 801 1600 manus

167 1629 197 1682 et
211 1631 299 1702 rupta
315 1623 417 1683 tractis
433 1621 571 1683 cruribus
586 1624 748 1699 uestigia

122 1696 152 1754 f'
208 1707 282 1768 Hoc
302 1715 360 1768 est
383 1707 481 1785 quod
503 1707 607 1768 auidus
624 1723 732 1785 capere
748 1723 807 1767 non
822 1709 918 1786 potuit
932 1716 1024 1787 pater.

165 1790 330 1852 uoluuntur
345 1793 422 1852 intus
438 1793 554 1852 uiscera
571 1798 600 1852 et
615 1791 729 1852 clusum
746 1791 829 1852 nolas
1105 1813 1170 1862 1045

164 1877 230 1937 sine
246 1879 325 1938 exitu
342 1875 471 1937 luctatur
487 1884 515 1937 et
531 1877 647 1956 quaerit
662 1875 773 1954 lugam

164 1961 202 2021 da
220 1962 311 2022 lrater
327 1979 508 2022 ensem-
523 1962 676 2039 sanguinis
691 1959 815 2022 multum
831 1963 890 2021 mei

164 2045 256 2107 habet
269 2044 335 2106 ille:
351 2047 431 2106 terro
447 2045 546 2106 liberis
562 2045 690 2107 detur
662 2063 719 2106 ura

132 2155 148 2205 f
209 2129 340 2208 Negatur
356 2131 473 2192 ensis.
489 2139 611 2210 pectora
627 2129 712 2190 inliso
728 2137 833 2190 sonent

165 2222 290 2276 contusa
306 2215 436 2293 planctu.

163 2300 231 2360 Atr.
294 2321 297 2329 ¹
494 2301 605 2360 sustine
621 2299 722 2366 infelix
738 2317 873 2373 manum:

163 2401 323 2463 parcamus
338 2383 461 2446 umbris.

166 2469 242 2547 Thy
498 2467 556 2528 tale
571 2469 638 2547 quis
654 2468 730 2527 uidit
745 2468 845 2530 nolas?

164 2555 231 2632 quis
246 2553 429 2631 inhospitalis
445 2554 567 2615 Caucasi
582 2568 691 2631 rupem
707 2569 841 2630 asperam

163 2637 336 2698 Heniochus
351 2636 507 2698 habitans?
525 2639 642 2716 quisue
647 2639 793 2746 cecropiis
807 2645 904 2700 metus

163 2723 252 2783 terris
268 2723 461 2783 Procrustes?
529 2763 530 2769 κ

132 2807 157 2866 f'
495 2808 617 2869 Genitor
634 2825 671 2868 en
687 2813 792 2886 gnatos
807 2824 911 2886 premo

162 2908 346 2970 premorque
362 2893 446 2954 natis.
480 2892 600 2953 sceleris
616 2899 660 2952 est
676 2889 780 2970 aliquis
795 2894 910 2954 modus
1106 2911 1172 2963 1055

233 3096 299 3145 1035
318 3076 435 3146 habebis
453 3095 479 3145 Α
503 3093 591 3145 habes
610 3095 636 3144 E
659 3091 671 3161 ΙΙ
696 3095 822 3161 quodque
835 3097 876 3148 Αε
895 3095 1086 3162 quodcumque

163 3159 342 3228 (t)(1'r)l]
372 3165 438 3214 1037
456 3163 532 3214 feras
552 3178 588 3212 on
625 3168 724 3213 escunt
741 3164 767 3213 E
790 3180 869 3229 unp
888 3165 908 3218 f.
928 3165 953 3213 Α
981 3159 993 3230 ΙΙ
1018 3165 1092 3215 1040

164 3228 312 3279 aduersum
329 3230 379 3295 Εψ
402 3245 529 3282 auersum
548 3247 567 3281 oc
596 3179 623 3297 {lp
638 3231 703 3281 1045
720 3229 870 3282 uoluuntur
887 3247 957 3283 corr
971 3247 1006 3281 ex
1024 3233 1084 3282 uul-

162 3300 265 3346 uuntur
280 3295 320 3354 Ε1
343 3294 355 3364 ss
379 3299 445 3349 1046
463 3299 537 3348 uiam
556 3300 581 3349 Α
605 3299 701 3364 fugam
719 3298 745 3348 Ε
773 3294 784 3364 ll
815 3300 880 3349 1048
898 3299 993 3349 demus
1010 3301 1087 3350 uiam

162 3363 189 3413 Α
212 3364 358 3426 deturuio
375 3366 401 3415 Ε
424 3362 435 3432 ll
465 3367 531 3418 1050
550 3367 721 3417 concussuri
742 3369 859 3416 contusa
877 3366 903 3415 Ε
925 3363 937 3432 Η
959 3367 1040 3420 ATR.
1061 3377 1088 3420 et

161 3447 307 3551 ἶῧᾳόὲιιενςα
325 3433 524 3568 ἷΗῩΕοἯη
495 3452 524 3494 ω,
543 3431 718 3486 reotttrcitBo.
738 3435 935 3485 excodtcclln
949 3433 1075 3502 Heiooiill

249 3516 330 3552 emoc
349 3515 381 3552 us
559 3541 561 3547 ,

217 3617 342 3652 sennenn
362 3617 444 3657 runo.
864 3586 882 3648 7
