2490 3984
521 209 721 256 Aoumumn'o

157 347 254 425 caligo
271 355 299 408 et
315 349 397 407 omni
412 346 477 408 luce
493 346 638 407 subducta
655 347 762 408 fretum

157 431 462 510 caelumquemiscet.
493 429 914 509 undiqueincumbuntsimut
1095 447 1145 496 495

159 521 336 595 rapiuntque
352 517 473 596 pelagus
488 517 588 592 intimo
605 533 743 578 euersum
760 516 823 576 solo

157 603 303 662 aduersus
320 620 392 662 euro
408 602 554 680 zephyrus
571 601 725 662 ethereae
740 610 835 662 notus.

159 685 261 768 QSua
278 688 402 765 quisque
419 689 506 747 mittit
520 685 576 747 tela
595 695 624 747 et
639 686 737 747 infesti
753 686 860 746 fretum

157 770 348 832 emoiiuntur.
381 771 469 832 turbo
485 770 637 833 conuoluit
652 790 749 832 mare:

157 857 339 937 strymonius
355 856 427 918 altas
443 856 540 932 aquito
556 863 733 932 contorquet
749 858 831 917 niues

159 939 332 1020 libycosque
348 942 474 1002 harenas
490 949 588 1002 auster
604 941 641 1001 ad
656 949 751 1019 syrtes
767 943 835 1019 agit.

157 1045 214 1086 nec
229 1032 328 1086 manet
343 1028 371 1086 in
389 1033 503 1086 austro:
529 1027 561 1086 sit
576 1027 678 1102 grauis
693 1025 801 1086 nimbis
817 1031 917 1096 notus,

157 1110 253 1171 imbre
269 1118 357 1187 auget
371 1111 485 1179 undas,
502 1130 591 1171 eurus
607 1113 750 1170 orientem
767 1118 868 1171 mouet

157 1195 299 1256 nabataea
316 1197 450 1274 quatiens
465 1213 557 1273 regna
575 1204 604 1256 et
619 1213 689 1256 eoos
705 1197 795 1256 sinus.

200 1280 275 1352 Quid
291 1280 411 1341 rabidus
427 1298 477 1341 ora
494 1299 581 1341 corus
597 1298 709 1341 oceano
725 1280 868 1341 exerens?

158 1365 302 1426 mundum
319 1364 424 1426 reuelli
439 1365 560 1425 sedibus
575 1373 668 1426 totum
685 1366 745 1425 suis

157 1452 297 1527 ipsosque
313 1457 401 1527 rupto
417 1449 556 1509 crederes
572 1449 653 1509 caelo
669 1449 740 1508 deos

158 1534 297 1594 decidere
314 1540 342 1594 et
357 1540 453 1593 atrum
470 1531 561 1593 rebus
576 1534 675 1592 induci
691 1533 790 1592 chaos.

158 1627 249 1679 uento
265 1619 376 1678 resistit
391 1623 489 1678 aestus
505 1623 534 1676 et
549 1624 656 1676 uentus
671 1624 752 1676 retro

157 1711 273 1764 aestum
290 1701 427 1761 reuoluit.
457 1719 516 1760 non
533 1701 612 1779 capit
627 1718 691 1760 sese
707 1718 789 1761 mare

159 1786 314 1865 undasque
330 1788 456 1846 miscent
470 1783 566 1846 imber
582 1793 611 1845 et
625 1785 732 1846 ssuctus
747 1802 823 1844 suas

202 1871 265 1932 Nee
280 1871 337 1930 hoc
352 1869 486 1930 leuamen
503 1869 629 1948 denique
645 1871 796 1930 aerumnis
811 1869 897 1930 datur

161 1955 264 2016 uidere
281 1954 383 2016 saltem
401 1964 430 2016 et
446 1973 531 2015 nosse
547 1973 605 2032 quo
621 1962 744 2034 pereant
759 1954 851 2015 malo:

159 2047 299 2116 premunt
313 2040 456 2101 tenebrae
471 2038 581 2100 lumina
597 2047 626 2100 et
641 2041 722 2102 dirae
739 2041 835 2119 Stygis

158 2124 275 2186 interna
292 2143 350 2186 nox
367 2133 421 2186 est.
452 2125 590 2185 excidunt
604 2127 687 2204 ignes
702 2133 799 2186 tamen

125 2247 128 2254 ·
157 2216 188 2270 et
202 2209 282 2270 nube
298 2209 395 2270 dirum
412 2209 522 2270 tulmen
539 2210 609 2291 elisa
625 2213 715 2270 micat

157 2296 334 2373 miserisque
350 2292 424 2355 lucis
438 2301 518 2355 tanta
534 2293 662 2356 dulcedo
679 2301 723 2355 est
738 2293 847 2354 malae:

157 2378 215 2439 hoe
232 2378 332 2441 lumen
351 2386 463 2457 optant.

487 2464 553 2542 ipsa
570 2481 601 2523 se
618 2463 719 2524 elassis
734 2465 842 2542 premit

156 2556 188 2608 et
203 2566 294 2625 prora
309 2567 417 2626 prorae
432 2549 535 2609 nocuit
551 2555 579 2608 et
593 2547 678 2609 lateri
693 2547 779 2609 latus.

157 2630 237 2692 iilam
254 2633 408 2694 dehiscens
423 2640 530 2713 pontus
545 2635 576 2692 in
592 2651 736 2714 praeceps
751 2633 829 2711 rapit

157 2716 316 2796 hauritque
333 2726 361 2778 et
376 2717 434 2778 aito
449 2717 594 2779 redditam
611 2719 738 2779 reuomit
753 2723 843 2788 mart,

158 2888 363 2896 ——-—---

226 2987 277 3036 490
305 2954 462 3053 Rapuitque
486 2997 508 3053 ψ
537 2986 549 3056 tt
578 2988 697 3039 infimum
722 3005 819 3040 euerso
842 2989 904 3055 polo
928 2989 954 3038 E
983 2989 1075 3042 infimo

155 3102 283 3140 euersum
301 3089 360 3139 solo
377 3089 402 3138 A
447 3089 496 3143 407
516 3069 638 3142 Aduerso
657 3089 691 3140 Ε1
710 3087 787 3156 11408
811 3093 898 3141 mittit
887 3092 1076 3142 tEBHer'n-

155 3159 244 3206 monuo
256 3157 369 3206 mittunt
381 3157 405 3206 A
442 3160 491 3208 501
505 3159 539 3208 nd
551 3159 577 3208 Ε
589 3161 630 3210 ΛΕ
642 3159 742 3208 IIPalt.
755 3161 791 3224 9?
806 3159 970 3209 Germanicus
982 3175 1016 3209 ac
1028 3162 1054 3210 Α
1067 3159 1075 3226 d

154 3225 207 3275 504
226 3228 270 3274 ete
290 3241 344 3276 oos
362 3223 446 3290 (princ
464 3241 479 3276 o
499 3244 529 3277 m.
547 3227 620 3289 tert.)
640 3227 664 3276 Ε
675 3222 687 3294 {1
700 3241 782 3276 sonus
800 3225 836 3274 Ε1
855 3228 931 3277 sinus
949 3225 985 3276 Ε3
998 3224 1021 3293 d
1026 3231 1076 3279 505

157 3292 270 3342 rabidus
288 3294 314 3342 E
331 3293 444 3358 rapidos
462 3295 488 3344 A
505 3291 517 3360 ΙΙ
534 3297 584 3346 506
602 3295 712 3345 reueltit
730 3294 754 3344 Ε
772 3294 870 3345 reuelli
887 3295 912 3344 Α
930 3290 942 3360 t!
964 3295 1013 3346 507
1031 3311 1075 3346 ru-

157 3363 219 3422 ptos
235 3376 253 3424 q
270 3365 364 3426 raptos
382 3362 405 3412 R
434 3357 438 3428 Ι
459 3363 508 3414 508
526 3363 670 3413 Decedere
688 3362 714 3411 Ε
734 3359 746 3430 Η
767 3365 816 3412 512
840 3363 922 3413 detor
939 3363 965 3412 Ε
982 3363 1076 3414 datum

158 3429 201 3474 est
218 3430 242 3475 Α
267 3434 374 3480 estona.
393 3430 505 3494 ntum
524 3431 597 3482 mele
617 3428 663 3495 (sc.
682 3427 941 3498 ορ5555)ΒοΗ501
960 3448 1036 3483 mare
1055 3450 1076 3484 oo

157 3494 231 3543 mari
252 3495 329 3546 Gran.
348 3504 374 3546 et
392 3499 467 3550 NHa.
489 3494 502 3564 [Ι

211 3593 334 3629 suuncio
354 3595 437 3634 rato.
618 3561 619 3564 Ἴ
831 3580 873 3644 22
