2502 3978
188 167 249 230 154
467 179 497 225 n.
515 179 649 226 ussum
664 179 821 228 senecen

185 338 288 382 euersa
305 319 342 380 ab
358 321 418 380 imo
433 335 525 395 regna
541 325 584 379 tot
600 317 727 397 populos
743 327 890 396 premunt.

186 405 330 466 sileantur
345 403 433 464 aliae:
456 404 518 464 sola
534 407 663 464 coniunx
678 407 767 482 Aegei

187 489 290 551 lledea
305 489 411 550 reddet
425 487 549 550 feminas
564 488 660 548 dirum
676 506 780 566 genus.

151 601 169 634 ο
229 587 332 634 rtvrrr.
354 573 413 634 Cur
428 575 562 634 omnium
576 574 609 633 lit
623 571 709 650 eulpa
724 590 887 650 paucarum
901 569 1018 632 seclusi

186 671 279 719 nter.
303 658 435 718 detestor
450 659 548 718 omnis
563 657 673 718 horreo
688 657 769 735 fugio
785 674 920 718 execror.

187 745 225 804 sit
239 745 314 803 ratio
329 744 367 803 sit
382 750 484 803 natura
500 745 538 803 sit
553 742 647 804 durus
661 743 762 810 luror,

187 828 284 888 odisse
300 828 419 907 placuit.
451 827 571 904 ignibus
585 831 692 905 iunges
706 845 800 904 aquas

188 920 217 974 et
231 913 325 973 anrioa
340 912 453 972 ratibus
468 921 536 973 anie
553 913 697 990 promittit
713 912 787 972 uada

187 997 299 1058 incerta
316 997 423 1076 Syrtis,
440 1005 508 1058 aute
522 996 560 1056 ab
576 1005 710 1058 extremo
725 999 791 1056 sinu

186 1079 323 1161 hesperia
339 1079 449 1161 Tethys
464 1081 594 1143 lucidum
610 1080 724 1142 attollet
738 1081 816 1142 diem

188 1175 217 1227 et
231 1184 283 1226 ora
299 1165 393 1227 deruis
408 1165 515 1227 blanda
530 1165 718 1246 praebebunt
731 1165 808 1244 lupi,

188 1269 276 1329 quarn
292 1253 388 1311 uiotus
403 1253 534 1312 animum
550 1253 677 1312 lerninae
693 1253 794 1312 mitem
810 1268 923 1328 gerani.

148 1336 176 1396 η’
230 1347 333 1396 rtvun.
358 1335 453 1414 Saepe
469 1335 623 1396 obstinatis
638 1335 731 1396 induit
747 1336 849 1396 frenos
864 1352 948 1394 arnor

188 1427 218 1481 et
232 1420 298 1480 odia
314 1428 416 1480 mutat.
447 1438 538 1498 regna
555 1427 687 1481 materna
703 1419 837 1498 adspice:

187 1503 254 1566 illae
269 1505 385 1566 lerooes
400 1507 530 1565 sentiunt
544 1504 667 1566 Veneris
682 1507 798 1582 iugum,

186 1591 304 1650 testaris
319 1589 396 1649 istud
412 1591 519 1650 unicus
536 1591 631 1667 gentis
647 1607 730 1668 puer.

189 1686 281 1733 ΗῐΡΡ.
305 1673 436 1735 solarnen
453 1691 545 1734 unum
563 1675 664 1734 matris
681 1675 805 1734 amissae
822 1674 886 1733 lero

188 1758 284 1819 odisse
300 1759 377 1837 quod
393 1761 451 1818 ianr
468 1758 591 1819 seminas
606 1775 710 1818 omues
724 1756 802 1818 lieet.

151 1843 177 1903 o‘
231 1855 334 1903 nvun.
352 1845 388 1904 Vt
405 1844 477 1904 dura
494 1851 596 1904 cautes
611 1842 741 1922 undique
756 1839 949 1903 intractabilis

188 1929 296 1988 resistit
312 1928 398 1989 undis
415 1935 444 1988 et
458 1926 640 1988 lacessentes
655 1945 746 2005 aquas

188 2010 276 2088 longe
291 2014 430 2080 remittit,
447 2012 540 2073 uerba
556 2013 599 2073 sio
614 2015 729 2092 spernit
745 2030 819 2072 mea.

188 2096 240 2156 sed
256 2095 389 2157 Phaedra
405 2114 550 2175 praeceps
566 2097 699 2175 graditur
716 2097 862 2177 inpatiens
878 2113 990 2155 morae.

189 2195 248 2258 quo
262 2198 295 2243 se
310 2181 391 2241 dabit
405 2182 542 2242 lortunai
565 2201 624 2261 quo
640 2189 745 2259 uerget
760 2181 863 2242 furori

187 2273 286 2327 terrae
302 2274 425 2345 repente
440 2283 550 2343 eorpus
566 2267 734 2327 exanimum
750 2264 857 2325 aooidit

189 2358 218 2410 et
232 2367 284 2411 ora
300 2351 388 2410 morti
404 2350 506 2410 similis
521 2349 644 2411 obduxit
659 2349 750 2410 color.

188 2434 288 2496 attolle
304 2435 419 2504 uultus,
436 2434 554 2495 dimone
570 2437 652 2496 uocis
668 2452 781 2495 moras:

188 2526 256 2581 tuus
272 2537 308 2581 en
325 2519 443 2581 alumna
460 2527 551 2580 temet
566 2518 741 2598 Hippolytus
756 2526 847 2579 tenet.

472 2735 640 2782 PHAEDRA
656 2734 700 2780 ET
716 2734 814 2780 IDEM.

157 2879 175 2915 s
231 2855 301 2928 Quis
317 2875 363 2916 rue
379 2856 474 2917 dolori
490 2857 588 2918 reddit
603 2865 690 2936 atque
706 2865 804 2917 aestus
820 2874 926 2934 graues

97 3117 101 3125 ⁸
256 3061 306 3110 570
325 3063 353 3108 et
372 3073 453 3108 uersu
472 3075 493 3108 ω
513 3057 552 3123 (et
571 3074 653 3108 uersa
673 3059 704 3121 lt)
725 3074 827 3109 euerso
844 3060 940 3121 scripsi
949 3054 961 3122 ΙΙ
973 3059 1023 3108 572
1042 3057 1107 3108 rod-

188 3127 235 3176 det
253 3126 301 3188 Εψ
325 3126 416 3176 reddit
434 3142 453 3176 α
476 3122 488 3192 ΙΙ
510 3128 561 3178 573
585 3141 634 3175 our
650 3143 719 3180 corr.
739 3142 774 3178 ero
792 3142 839 3175 eor
857 3123 892 3174 Ει
916 3123 928 3190 ΙΙ
950 3128 1001 3176 582
1019 3125 1105 3175 NVT.

188 3191 224 3243 Εε
240 3189 251 3259 Η
270 3195 319 3244 585
338 3196 450 3257 genitus
468 3195 493 3243 A
512 3195 605 3257 gentis
624 3193 649 3243 Ε
665 3191 742 3259 [1590
760 3196 785 3243 in
804 3193 829 3242 Ε
847 3193 978 3242 abstersus
996 3200 1036 3244 est
1054 3209 1107 3243 una

188 3275 241 3308 oum
257 3261 360 3311 scholiis
383 3263 433 3312 uisi
454 3261 549 3326 quedl
572 3268 597 3310 et
616 3277 633 3324 g
655 3264 757 3312 litterae
780 3261 860 3320 (uocis
879 3259 971 3326 longe)
996 3263 1105 3311 relictae

188 3333 246 3374 suut
269 3323 281 3392 ll
304 3329 353 3378 592
373 3329 517 3392 quouergit
535 3329 560 3376 Ε
597 3344 631 3378 uo
649 3334 747 3393 uerget
765 3331 789 3378 A
812 3325 824 3394 ΙΙ
847 3329 897 3378 593
915 3333 1029 3392 repente
1047 3333 1105 3378 ter·

189 3403 237 3438 roo
257 3393 280 3440 A
300 3399 391 3444 terroe
410 3401 524 3459 repente
546 3397 568 3444 Ε
579 3345 680 3461 stendit
697 3398 722 3445 A
742 3397 845 3446 accidit
863 3396 888 3444 E
901 3393 913 3459 ΙΙ
928 3396 1108 3446 PHAEDRA

190 3453 237 3502 ΕΤ
255 3457 348 3506 ΙΒΕΜ
367 3461 392 3507 Ε
410 3463 583 3512 PHAEDRA
599 3488 604 3500 ·
620 3463 851 3513 HlPPOLYTVS
866 3487 873 3500 ·
887 3463 1027 3514 NVTRIX
1046 3462 1095 3529 ΑΙΙ
