2516 3998
192 213 294 260 XXXII
568 208 767 256 PRAEFATIO

196 387 256 428 enm
281 370 388 442 uolgari
410 369 571 426 recensione
598 368 761 442 plerumque
787 368 971 424 consentiunt.
1014 367 1089 424 Folia
1111 384 1142 424 ea

197 455 295 530 quibus
307 454 415 511 Medeae
429 453 572 528 relliquiae
584 453 761 509 continentur
773 450 890 508 eontulit
901 451 1066 528 Ritsalrelius
1081 467 1142 508 eum

197 541 315 598 editione
330 538 488 597 marolliana
504 538 599 610 (Paris.
613 536 714 609 1664).
731 536 825 610 Oedipi
843 537 994 609 fragmenta
1011 553 1071 592 eum
1087 536 1144 596 col·

196 625 318 682 lectione
334 632 421 698 poelt.
443 624 501 679 latt.
523 622 667 679 florentina
689 621 730 678 ed.
753 639 775 676 a.
794 620 876 679 1834
899 638 951 693 qua
973 638 1028 678 non
1045 621 1144 678 licebat

196 710 246 766 nti.
283 707 355 776 Quae
376 710 405 764 in
421 709 460 765 eis
476 707 551 765 loliis
572 715 664 763 entare
684 708 767 762 certis
789 705 879 762 uerbis
894 705 1059 763 Ritsolrelius
1079 723 1144 762 oon·

195 794 285 850 firmat
310 795 338 850 in
360 795 464 850 nostris
484 783 684 848 <momentariis¹
700 790 884 853 exhibuimus,
918 807 987 864 quae
1007 807 1039 848 ex
1062 791 1144 848 tacito

200 895 259 935 eum
276 877 317 933 ed.
334 879 438 934 maroll.
455 893 591 935 consensu
607 876 746 952 adparent,
762 875 831 931 inira
848 871 1056 947 subiecimus*).
1078 875 1144 932 Cum

197 963 227 1018 E
239 962 304 1018 lolia
321 979 405 1019 rescr.
422 963 599 1020 consentiunt
621 962 663 1018 his
680 961 768 1018 tribus
784 960 892 1017 Medeae
912 960 996 1018 locis:
1019 959 1080 1018 219
1102 977 1145 1016 ra·

198 1045 259 1102 bida
276 1045 312 1119 (A
327 1046 430 1120 rapida)
461 1045 522 1105 266
546 1054 575 1102 tu
593 1054 620 1102 tu
638 1045 695 1118 (sed
713 1055 742 1102 tu
758 1044 793 1118 Α)
824 1045 885 1104 268
907 1045 992 1102 robur
1005 1044 1086 1101 uirile
1103 1053 1145 1101 est

199 1130 289 1202 (uirile
307 1131 393 1188 robur
413 1149 441 1187 n.
462 1131 480 1188 i.
497 1149 532 1187 m.
550 1139 592 1188 est
612 1131 656 1204 A).
701 1131 841 1204 Plerisque
862 1130 931 1187 locis
954 1131 994 1186 eis
1015 1131 1146 1188 conuenit

200 1231 259 1271 eum
275 1215 435 1290 uolgaribus
450 1216 542 1273 libris:
974 1209 978 1213 ’

345 1351 379 1406 Α,
401 1351 503 1408 Reser.
900 1350 929 1406 E

239 1433 299 1494 213
316 1436 477 1494 dulcescunt
726 1437 876 1492 durescunt

238 1519 299 1577 218
315 1538 387 1577 nuno
545 1543 547 1547 ·
727 1529 793 1576 tunc

239 1603 300 1660 214
316 1615 423 1663 exercet
727 1612 845 1662 exterret

239 1688 300 1747 218
316 1691 370 1746 uiri
727 1691 805 1763 proci

240 1773 300 1831 233
317 1775 414 1832 dueum
432 1783 451 1831 t.
468 1775 563 1833 ducem
728 1774 823 1830 ducem
839 1783 858 1831 t.
875 1773 973 1830 ducum

240 1855 302 1915 240
315 1862 421 1932 primus
727 1859 844 1931 primum
888 1877 890 1879 ·

240 1939 298 1996 241
316 1941 489 2016 flagrantiA
525 1942 658 2014 fraglante
728 1941 875 1998 flammanti

316 2025 418 2082 Reser.
688 2018 690 2022 ’

239 2106 300 2164 242
318 2127 371 2183 qua
519 2105 522 2110 ’
622 2154 624 2160 ,
730 2127 798 2184 quae
813 2109 860 2184 (ψ)

165 2265 168 2274 ¹
240 2191 368 2251 rettuli
613 2268 615 2274 Ι
729 2196 792 2252 titul

241 2275 301 2334 249
318 2287 390 2335 terra
406 2279 456 2336 hae
645 2344 649 2351 ¹
729 2287 828 2337 terram

318 2371 345 2419 et
730 2382 761 2421 ae

217 2520 220 2524 ²
241 2444 301 2502 252
318 2449 457 2505 uiolenter
731 2448 871 2506 uiolentus

241 2530 301 2589 256
317 2534 419 2607 quippe
435 2541 462 2589 te
732 2551 813 2609 quem
828 2532 893 2607 (om.
910 2535 1022 2610 quippe)

241 2615 301 2672 267
318 2617 469 2674 audendum
730 2619 851 2676 audenda

242 2699 302 2758 704
319 2718 400 2758 manu
729 2721 824 2768 manns

242 2783 301 2840 712
319 2803 431 2860 sparsus
729 2803 838 2861 sparsas

242 2869 303 2927 713
318 2871 435 2929 Parthus
450 2869 519 2928 leuis
679 2905 681 2909 -
729 2871 822 2927 Parthi
837 2870 913 2928 leues

242 2953 303 3010 714
320 2955 381 3028 quis
732 2958 779 3030 qui
795 2955 841 3029 (ψ)

205 3253 279 3300 nem,
307 3238 342 3289 ad
366 3253 446 3305 quem
469 3239 590 3291 fortasse
612 3240 759 3292 referenda
783 3245 845 3292 sunl
862 3240 1035 3292 Aldhelmi
1057 3243 1155 3306 uerba,

207 3306 315 3356 saeculi
327 3323 371 3357 νη
385 3307 503 3358 hominis
511 3345 518 3369 ‚
536 3307 771 3372 Agamemnonem
783 3315 911 3360 sextum
925 3310 1012 3360 fnisse
1024 3309 1156 3360 uolumen

206 3370 324 3422 dicentis
338 3372 382 3436 (de
396 3376 555 3439 septenario
569 3377 611 3428 ed.
624 3377 690 3428 Mei.
705 3393 731 3442 p.
744 3376 815 3440 588).
885 3377 912 3438 *i
925 3378 1047 3427 Leniore
1060 3371 1155 3429 ortho-

206 3438 341 3552 agpplpllsrieu
358 3455 411 3492 nee
428 3458 484 3493 nou
502 3443 675 3494 differentias
691 3445 858 3510 typographi
877 3459 967 3495 errore
985 3449 1069 3496 netas
1086 3447 1157 3496 omi-
