2526 3986
537 245 715 294 THYESTES

164 387 216 448 sed
231 387 342 465 rapior.
369 387 429 447 imo
445 388 537 462 mugit
554 406 570 448 e
585 386 677 448 fundo
693 385 799 457 sulum,

164 477 246 533 tonat
262 471 324 532 dies
340 489 466 533 serenus
482 489 516 532 ac
530 473 598 532 tntis
614 473 720 532 domus

164 563 196 618 ut
212 557 305 617 iraeta
321 557 405 617 tectis
421 559 538 633 crepuit
553 563 583 618 et
597 558 670 616 moti
685 555 762 616 lares

163 648 283 702 uertere
299 641 430 702 uultum:
452 642 504 702 fiat
518 641 585 710 huc,
601 642 652 702 fiat
666 640 764 710 nesae,
989 667 991 672 ·
1099 658 1149 710 265

165 726 243 806 qued
260 725 290 786 di
305 728 424 787 timetis,
653 802 656 804 ,

125 811 170 878 f¹'
207 823 281 872 SAT.
486 813 599 873 Facere
615 811 684 890 quid
700 809 819 870 tandem
834 809 940 887 paras?

164 909 243 956 nun.
277 897 406 956 neseio
428 896 514 975 quid
537 895 680 956 animus
700 897 795 956 maius
811 901 841 956 et
855 893 940 956 solitu
955 892 1082 974 amplius

164 997 315 1058 supraque
330 981 405 1042 fines
420 983 511 1043 moris
526 981 649 1042 humani
664 986 783 1041 tumet

163 1065 311 1144 instatque
327 1067 420 1143 pigris
435 1060 580 1126 manibus.
606 1065 686 1126 baud
703 1065 772 1145 quid
788 1067 825 1126 sit
840 1066 911 1132 seio,

133 1204 138 1214 ,
164 1150 216 1210 sed
231 1149 345 1226 grande
361 1151 501 1227 quiddam
518 1157 571 1211 est.
596 1151 636 1211 ita
651 1151 698 1210 sit.
721 1150 779 1211 boc
794 1152 892 1210 anime
908 1166 1032 1229 occupa.
1100 1168 1149 1218 270

165 1234 286 1312 dignum
303 1241 347 1294 est
361 1235 489 1314 Thyeste
505 1235 619 1296 iaeinus
635 1242 663 1296 et
678 1233 800 1310 dignum
815 1235 914 1295 Atreo.

130 1353 148 1402 g
207 1321 337 1397 Vterque
352 1320 448 1382 iaciat.
464 1356 506 1367 -
522 1321 597 1381 uidit
611 1319 747 1380 infandas
762 1321 868 1381 dumus

164 1403 281 1482 odrysia
296 1422 423 1466 mensae.
440 1441 483 1450 -
496 1406 606 1476 fateor,
628 1405 747 1466 inmane
762 1411 807 1466 est
822 1403 933 1474 sualua,

164 1488 216 1549 sed
232 1497 423 1566 occupatum:
440 1492 534 1552 maius
548 1489 606 1550 boc
621 1488 728 1569 aliquid
745 1489 830 1550 dolor

164 1575 306 1634 inueniat.
337 1575 467 1635 animum
484 1574 584 1635 Daulis
599 1576 713 1652 inspira
729 1591 839 1653 parans
1097 1592 1146 1642 275

164 1677 319 1738 sororque.
341 1677 428 1721 causa
446 1667 489 1722 est
505 1658 622 1720 similis:
640 1660 743 1720 assiste
759 1667 789 1719 et
805 1676 924 1718 manum

164 1743 276 1821 inpelle
292 1752 436 1804 nostram.
452 1775 496 1788 --
510 1743 623 1806 liberos
639 1743 743 1804 auidus
758 1750 843 1822 pater

164 1827 356 1908 gaudensque
371 1828 482 1890 laceret
493 1836 527 1890 ,at
541 1846 611 1890 suus
626 1834 709 1889 artus
724 1827 801 1888 edat.

127 1903 153 1976 ε’
207 1914 288 1974 Bene
304 1921 357 1975 est.
385 1913 503 1975 abunde
520 1920 573 1976 est.
600 1913 650 1974 bie
666 1912 893 1991 placeepoenae
908 1912 1015 1974 modus

156 1999 318 2082 tantisper.
345 1997 465 2060 ubinam
482 2000 543 2060 esti
559 2005 619 2059 tarn
635 1998 685 2059 diu
701 2016 755 2059 cur
769 1999 912 2060 innocens
1098 2015 1147 2066 280

166 2092 303 2142 uersatur
317 2083 442 2144 Atreus?
457 2090 519 2145 tnta
533 2086 593 2144 iarn
609 2091 677 2143 ante
692 2083 796 2144 oculus
811 2101 893 2144 meus

166 2169 265 2244 imago
281 2167 380 2228 caedis
396 2175 492 2238 errat,
509 2171 624 2246 ingesta
639 2167 751 2228 orbitas

165 2253 195 2311 in
212 2269 264 2312 ura
281 2254 381 2330 patris.
408 2255 506 2314 anime
522 2254 592 2333 quid
609 2271 713 2313 rursus
727 2256 815 2314 times

166 2343 195 2396 et
210 2343 279 2396 ante
293 2355 357 2397 reru
373 2337 520 2398 subsidis?
536 2338 704 2400 audendum
721 2345 778 2408 est,
796 2355 859 2415 age.

166 2421 244 2499 quod
262 2422 351 2482 estin
366 2423 423 2482 isto
439 2422 553 2484 scelere
569 2425 763 2501 praecipuum
778 2423 870 2492 neias,
1101 2439 1150 2488 285

168 2508 226 2566 bue
240 2506 303 2583 ipse
318 2507 414 2568 taeter.

128 2587 147 2636 h
210 2602 286 2652 stu.
363 2598 366 2602 ’
491 2592 549 2652 Sed
565 2591 672 2670 quibus
687 2596 790 2668 captus
806 2589 882 2653 dolis

166 2681 285 2736 nostrus
301 2675 383 2736 dabit
398 2676 562 2754 perductus
577 2678 607 2737 in
622 2676 744 2755 iaqueus
759 2676 882 2754 pedem?

164 2760 283 2822 inimica
299 2761 394 2822 credit
409 2769 526 2822 cuncta.

165 2857 244 2905 nun.
516 2869 521 2882 2
556 2864 616 2906 nun
632 2848 837 2926 poteratcapi,

165 2929 221 2990 nisi
238 2946 345 3007 capere
359 2928 458 2992 uellet.
484 2947 577 3008 regna
591 2949 672 2992 nunc
688 2939 816 3009 sperat
831 2949 905 2992 rnea.
933 3003 935 3008 ,

232 3131 283 3185 268
307 3135 427 3200 timetur
456 3138 545 3184 tumet
562 3135 613 3184 Εα
642 3131 653 3200 ΙΙ
682 3136 732 3184 269
750 3114 862 3184 {bainus
880 3134 906 3183 E
934 3129 946 3199 ΙΙ
975 3135 1025 3184 270
1043 3135 1084 3183 in-

164 3201 225 3264 cipe
244 3201 270 3250 Α
305 3217 413 3266 occupa
430 3201 456 3250 E
478 3219 520 3256 un.
545 3219 580 3254 ex
601 3204 667 3252 Pau.
702 3199 715 3268 U
749 3205 799 3252 272
822 3206 938 3266 uterque
957 3202 982 3250 A
1012 3202 1084 3266 quod

163 3269 317 3332 uterqueE
340 3265 351 3336 ΙΙ
376 3271 425 3321 276
444 3271 564 3320 animum
576 3271 690 3336 gnutirp
714 3269 860 3320 anfiliiA
885 3270 1006 3319 animum
1018 3269 1085 3318 deu-

164 3335 198 3385 lis
216 3335 242 3384 E
271 3333 283 3402 b
313 3340 363 3389 276
386 3343 565 3404 sererentur
596 3353 727 3402 sororque
746 3337 791 3387 Εα
820 3335 832 3403 Η
866 3339 915 3386 277
938 3353 1040 3402 parens
1058 3339 1083 3388 A

163 3407 244 3468 pater
262 3405 288 3454 E
317 3402 329 3472 Η
358 3407 408 3457 282
426 3406 507 3456 uerba
524 3407 636 3471 ingesta
654 3407 759 3456 orbitas
776 3407 805 3454 in
823 3419 871 3454 ora
883 3407 972 3470 patris
989 3422 1036 3457 om.
1050 3414 1083 3471 ψ,

162 3478 266 3522 tuentur
284 3487 317 3524 αε
340 3471 352 3540 ΙΙ
375 3475 425 3525 286
443 3474 534 3524 iaciat
553 3491 571 3525 α
589 3475 677 3524 faciet
695 3473 744 3538 Εψ
768 3469 780 3539 b
809 3473 858 3524 288
877 3475 1017 3539 poteritA
1035 3489 1082 3539 po-

163 3544 236 3592 terat
255 3553 269 3592 ε
286 3559 328 3592 en.
342 3558 377 3594 ea:
394 3543 461 3592 Pau.
492 3537 503 3607 ΙΙ
