2526 3986
531 203 709 252 mussulis

124 361 142 410 (1
357 342 453 417 Reges
468 344 646 404 conueniant
663 342 740 412 licet,

314 428 364 505 qui
379 444 498 504 sparsus
513 429 623 504 agitant
638 427 743 498 Dahas
791 485 793 490 .

316 512 366 590 qui
381 510 465 571 rubri
481 511 557 572 uada
573 512 667 572 litoris

316 603 345 656 et
359 598 482 674 gemmis
498 614 581 657 utare
595 596 701 658 lucidis

314 680 371 740 lats
387 682 582 758 sanguineum
598 688 709 754 teuent,

314 772 362 826 aut
378 767 426 844 qui
443 767 540 845 caspia
555 766 681 826 iortibus

313 849 469 910 recludunt
484 852 551 928 iuga
567 850 717 920 Sarmatis,

356 1019 454 1080 Certet
470 1019 597 1080 Danuuii
613 1019 721 1080 uadum

314 1103 402 1164 audet
416 1105 467 1180 qui
482 1104 572 1181 pedes
587 1105 712 1180 ingredi,

315 1195 343 1248 et
359 1187 558 1266 (quocumque
574 1188 639 1248 loco
655 1190 760 1266 iacent)

314 1273 404 1333 Seres
419 1272 532 1333 uellere
548 1272 676 1334 nobiles:

355 1440 412 1502 Nil
426 1440 492 1502 ullis
509 1459 602 1519 opus
617 1453 663 1502 est
678 1444 774 1520 equis

313 1524 354 1587 nil
369 1528 459 1586 ermis
475 1535 504 1587 et
520 1527 664 1587 inertibus

313 1610 391 1680 telis,
408 1627 483 1688 quae
500 1610 604 1689 procul
619 1613 725 1688 ingerit

280 1767 284 1776 .
313 1695 440 1756 Parthus
456 1710 524 1756 eum
541 1694 660 1755 simulat
674 1696 774 1773 sugas:

314 1780 439 1840 admotis
455 1779 548 1841 nihil
565 1787 622 1840 est
637 1798 728 1858 opus

296 1893 299 1897 ⁴
313 1864 405 1925 urbes
420 1872 553 1925 sternere
569 1865 713 1925 machinis

312 1948 400 2028 louge
417 1967 484 2009 saxa
501 1948 679 2009 rotantibus:

356 2118 428 2179 Rex
452 2125 521 2186 est,
544 2117 838 2194 quimetuetuihil

314 2221 378 2263 rex
402 2212 468 2270 est,
492 2205 553 2279 qui
569 2204 668 2280 cupiet
683 2202 784 2264 uiuit
1093 2231 1142 2280 389

313 2305 398 2346 meus
414 2305 567 2364 regnum
584 2286 661 2346 huus
678 2288 809 2366 possidet
1092 2314 1151 2364 380

312 2371 370 2431 hoc
387 2389 476 2450 regu
487 2389 540 2431 uru
557 2370 613 2431 sibi
629 2373 754 2450 quisque
770 2373 829 2434 dat.
1093 2401 1143 2449 390

356 2540 418 2600 Stet
434 2541 616 2621 quicumque
631 2539 714 2601 uolet
729 2531 833 2619 poteris

313 2623 396 2685 sulae
413 2626 540 2687 cuimine
556 2625 686 2684 lubrico:
1062 2637 1084 2679 u.
1095 2638 1176 2680 cxxv

314 2728 360 2769 me
377 2710 470 2771 dulcis
485 2717 598 2770 saturet
613 2711 704 2786 quies,

313 2794 442 2858 obscuro
457 2797 571 2874 pesitus
587 2794 651 2854 luco

312 2877 371 2938 leui
389 2879 527 2958 perfruar
544 2881 613 2938 otio.
1092 2897 1142 2947 395

157 3013 362 3023 ——-——

227 3077 1075 3146 ὃωὼὼηάωωψωωαΜωΕΗΜῊπ

157 3145 1074 3215 AuummmwuswummmmuAumffim-

158 3217 222 3266 dum
241 3215 266 3264 E
289 3213 301 3282 ΙΙ
323 3219 373 3268 380
391 3219 513 3267 reuocauz‘
527 3224 586 3280 post
604 3233 628 3266 u.
643 3217 694 3266 389
711 3222 817 3266 auctore
835 3215 962 3266 Swoboda
990 3213 1002 3282 Η
1025 3217 1074 3268 388

157 3280 1075 3350 mmmmmmwflmmAmwwmmst

157 3351 229 3402 nihil
253 3354 338 3402 codex
362 3353 478 3402 Fabricii
495 3368 542 3402 rex
562 3357 604 3402 est
628 3352 674 3416 qui
697 3353 774 3415 cupit
796 3351 867 3400 nihil
889 3353 915 3399 in
937 3368 1017 3417 marq.
1040 3356 1073 3405 αἱ.

156 3420 308 3553 astruenti„
319 3436 369 3470 rex
388 3424 430 3470 est
449 3420 550 3484 quique
569 3437 593 3474 c.
605 3435 632 3469 n.
645 3419 685 3468 im
707 3435 727 3468 r.
748 3435 771 3469 e.
791 3433 816 3482 q.
837 3420 931 3483 cupiet
948 3435 974 3470 u.
992 3419 1072 3471 Eun.

156 3503 193 3538 eae
230 3503 247 3536 α
267 3527 273 3540 .
