2516 3998
180 165 222 230 26
458 179 490 226 u.
507 179 639 227 unuani
655 179 811 226 suuucnu
905 199 912 212 ·

180 329 208 382 et
224 323 273 400 qui
288 321 387 380 lrunte
402 320 488 382 nimis
504 320 628 380 crimina
644 321 747 380 tetrica

180 413 375 484 quaeruntur
391 412 508 465 ueteres
523 404 676 465 excutiunt
690 422 759 465 reus

179 491 320 551 flentes
335 489 545 569 Eurydicen
566 489 683 550 iuridici
699 488 812 550 sedent.

144 662 167 721 θ’
222 659 355 721 Tandem
377 658 507 719 mortis
529 659 569 719 ait
584 658 771 717 ‘Vincimur'
788 657 935 720 arbiter

178 745 314 806 ‘euade
334 743 375 805 ad
397 760 558 820 superos
579 742 645 818 lege
661 751 759 802 tamen
776 743 857 803 data:

178 834 227 890 ‘tu
242 836 310 908 post
326 837 407 906 terge
423 828 465 888 tui
480 846 572 906 perge
589 828 644 886 uiri
659 845 768 888 comes.

178 914 227 974 ‘tu
243 932 302 973 non
318 920 384 974 ante
400 919 480 972 tuam
496 913 612 989 respice
629 915 784 989 coniugem

179 1001 285 1078 ‘quam
302 1016 369 1058 cum
386 997 464 1058 clara
480 997 553 1057 deos
567 995 707 1074 optulerit
722 997 784 1058 dies

179 1079 386 1161 ‘spartanique
401 1081 496 1142 aderit
510 1083 596 1150 ianua
613 1081 762 1142 Taenari?

138 1250 169 1310 e''
222 1251 289 1312 Odit
304 1268 394 1311 uerus
409 1267 493 1311 amor
508 1268 564 1312 nec
579 1251 688 1328 patitur
705 1269 813 1312 moras.

178 1353 286 1396 munus
302 1335 372 1395 dum
388 1343 528 1413 properat
544 1353 682 1404 cernere,
700 1335 837 1412 perdidit.

179 1421 299 1481 euincas
315 1421 426 1480 utinam
442 1423 507 1480 iure
522 1419 603 1484 ferae
618 1421 715 1499 Stygis
777 1444 785 1461 ·

178 1506 398 1582 Parcarumque
415 1504 496 1564 colos
511 1523 572 1564 nen
588 1501 789 1564 reuocabiles:

180 1608 270 1668 quae
291 1590 394 1650 uinci
415 1590 538 1667 potuit
561 1589 666 1666 regia
687 1591 825 1658 carmine,

180 1673 269 1736 haec
285 1675 387 1736 uinci
408 1675 551 1753 poterit
571 1675 674 1749 regia
696 1673 821 1734 uiribus

523 1855 706 1904 HuRcvnns

147 1983 164 2017 a
268 1959 292 2019 0
308 1958 381 2020 lucis
396 1958 491 2021 almae
506 1968 606 2022 rector
622 1968 650 2020 et
666 1962 739 2024 caeli
755 1963 854 2030 decus,

182 2045 231 2121 qui
247 2043 358 2104 alterne
375 2062 465 2105 curru
481 2046 574 2125 spatia
589 2046 765 2108 flammifero
781 2046 913 2107 ambiens

180 2127 304 2188 inlustre
319 2128 384 2189 latis
400 2131 497 2189 exeris
512 2132 600 2191 terris
617 2139 712 2210 caput,

181 2212 216 2272 da
231 2210 352 2274 Phoebe
368 2216 501 2284 ueniam,
518 2217 543 2275 si
560 2215 628 2292 quid
645 2215 788 2276 inlicitum
804 2217 848 2275 tui

181 2296 283 2358 uidere
297 2297 407 2360 uultus.
437 2300 533 2360 iussus
549 2299 577 2357 in
593 2299 690 2361 lucem
706 2299 796 2362 extuli

181 2399 288 2442 arcana
304 2383 415 2443 mundi.
446 2390 558 2461 tuque
575 2383 735 2445 caelestum
752 2384 862 2445 arbiter

181 2484 347 2545 parensque
363 2468 444 2528 uisus
459 2467 582 2528 fulmine
598 2471 733 2548 opposito
749 2476 826 2545 tege.

143 2551 166 2608 a'
223 2551 272 2611 Et·
288 2558 325 2611 tu
347 2552 478 2612 secundo
494 2554 587 2612 maria
603 2555 654 2632 qui
669 2561 787 2632 sceptro
802 2555 905 2631 regis·

181 2636 254 2694 imas
270 2642 338 2712 pete
355 2636 459 2697 undas,
488 2640 621 2716 quisquis
636 2657 670 2698 ex
687 2637 745 2699 alto
762 2638 888 2717 adspicit

180 2725 299 2778 terrena
314 2719 388 2780 lacie
403 2718 494 2798 pollui
509 2731 645 2782 metuens
659 2740 746 2793 noua,

182 2805 275 2862 aciem
291 2803 423 2864 reflectat
438 2823 549 2883 oraque
564 2808 594 2867 iu
611 2806 723 2867 caelum
741 2806 834 2883 erigat

182 2893 316 2964 pertenta
333 2889 458 2966 lugiens.
488 2889 544 2950 hoc
561 2890 644 2951 netas
660 2897 783 2956 cernant
799 2891 857 2952 duc

249 3111 298 3161 583
321 3109 403 3158 nimis
421 3112 495 3158 tetra
517 3111 543 3159 V
570 3111 686 3160 crimina
703 3113 730 3160 in
748 3127 795 3176 τηρ.
817 3113 844 3160 V
876 3107 887 3177 ΙΙ
922 3112 971 3161 591
996 3107 1099 3158 trenali

186 3177 211 3224 V
237 3173 250 3242 [l
281 3177 331 3228 563
354 3177 553 3228 irreuocabiles
572 3194 590 3226 α
619 3194 683 3228 uon
706 3177 885 3229 reuolubiles
902 3177 1099 3228 Broubbousius

182 3250 207 3291 et
224 3244 385 3294 Burmannus
413 3239 427 3311 ss
455 3247 505 3294 594
529 3248 649 3295 carmine
662 3245 719 3295 EV
739 3247 906 3296 euntibusA
941 3242 954 3312 ss
989 3247 1039 3295 596
1059 3244 1098 3293 al·

182 3324 242 3360 mae
265 3312 408 3362 eGuietum‘
429 3316 563 3377 ercemplur
593 3312 663 3366 alme
682 3313 706 3362 A
745 3309 759 3378 {l
797 3314 846 3364 598
874 3314 941 3363 letis
959 3313 984 3362 E
1015 3311 1098 3362 laetis

182 3375 232 3438 Αφ
261 3374 272 3442 [Ι
302 3381 350 3428 601
371 3381 583 3440 arscbanaEV
610 3386 720 3430 secreta
738 3381 762 3429 Α
793 3377 804 3446 Η
834 3381 977 3432 celestium
998 3383 1046 3444 Vp
1075 3376 1087 3444 ΙΙ

183 3442 231 3490 603
249 3446 336 3494 maria
355 3447 444 3502 abesse
463 3450 563 3498 uidetur
580 3449 606 3498 V
631 3444 643 3513 Η
672 3450 722 3498 604
740 3449 860 3512 petendo
883 3451 909 3500 V
910 3449 916 3480 ¹
937 3444 950 3514 H
