2526 3986
178 179 238 244 106
457 191 489 241 n.
506 189 641 238 Annam
657 189 814 240 snnnoan

176 335 228 396 sed
244 334 330 396 ileote
345 343 484 403 mentem,
500 339 604 412 peetus
619 332 770 412 antiquum
787 330 899 391 aduooa

176 420 328 498 uintasque
344 437 452 498 magno
467 417 578 479 robore
594 434 751 478 aerumnas
766 416 862 476 doma.
1119 431 1155 480 ⁷8

146 616 166 650 a
220 601 337 650 onntr.
363 589 444 650 Vnde
459 590 490 648 in
505 585 633 648 nefanda
648 588 799 664 specimen
815 587 967 664 egregium
983 584 1094 646 domo?
1117 599 1153 649 80

177 674 256 736 unde
270 675 325 734 ista
342 674 444 753 generi
460 672 545 749 uirgo
562 669 710 733 dissimilis
726 673 798 732 suot

177 759 294 820 fortuna
311 758 426 820 credis?
449 757 556 837 aliquis
572 765 617 832 est
635 775 671 817 ex
686 774 734 817 me
750 757 827 834 pius.

177 862 237 904 non
253 839 330 904 ess‘et
345 861 500 921 umquam,
518 842 576 902 fata
593 840 670 902 bene
686 841 757 904 noui
772 857 854 913 mea,

177 931 233 998 nisi
249 936 281 989 nt
295 935 427 990 noceret.
453 929 515 1005 ipsa
532 943 563 987 55
579 927 608 986 in
625 925 706 1004 leges
722 943 816 986 nouas

178 1023 283 1074 natura
300 1020 406 1082 uertet,
422 1018 541 1090 regeret
556 1014 587 1071 in
602 1011 714 1072 iontem
730 1012 801 1070 oitas

83 1155 87 1161 .
130 1122 131 1125 ¹
177 1097 332 1160 reuolutus
347 1098 441 1158 undas
456 1099 550 1157 amnis
566 1105 596 1157 et
611 1103 728 1156 noctem
745 1093 859 1156 adferet

178 1182 313 1262 phoebea
328 1183 450 1262 lampas,
467 1181 617 1260 Hesperus
633 1181 721 1241 faciet
736 1179 823 1240 diem.

142 1269 169 1328 a'
223 1268 259 1326 Vt
274 1267 309 1327 ad
325 1267 460 1328 miserias
475 1266 584 1345 aliquid
600 1265 721 1326 accedat
736 1262 827 1334 niens,

178 1353 217 1430 pii
234 1371 351 1432 qnoque
367 1354 488 1414 erimus.
518 1353 605 1411 unica
622 1349 790 1429 Oedipodae
806 1355 851 1410 est
865 1347 944 1411 salus
1259 1413 1260 1416 ,

178 1454 238 1496 non
254 1455 319 1498 esse
335 1436 459 1498 saluum.
485 1434 571 1496 liceat
586 1433 689 1495 ulcisci
704 1441 820 1514 patrem
1119 1445 1155 1493 90

179 1522 276 1583 adiano
291 1521 427 1582 inultum.
455 1521 558 1582 dextra
574 1519 643 1599 qnid
661 1537 758 1580 cessas
773 1522 854 1581 iners

179 1607 297 1686 exigere
313 1607 443 1686 poenas?
466 1605 605 1686 quioquid
621 1612 756 1666 exactum
774 1611 818 1666 est
834 1603 929 1666 adhuc
959 1607 961 1610 ’

178 1694 265 1752 matri
282 1693 395 1752 dedisti.
422 1692 505 1752 mitte
521 1691 663 1769 genitoris
679 1707 799 1750 manum

178 1779 310 1838 animosa
325 1779 426 1854 uirgo:
443 1776 531 1836 sunus
547 1773 680 1836 extendis
695 1784 794 1834 meum

178 1860 341 1941 longasque
356 1863 417 1922 nini
432 1861 516 1921 ducis
532 1861 671 1938 exequias
686 1860 787 1937 patris.

126 2021 129 2028 Ι
148 1956 166 2006 b
222 1945 386 2024 Aliquando
401 1953 481 2006 terra
498 1962 607 2023 oorpns
621 1945 751 2004 innisum
765 1953 842 2021 tege.

178 2049 285 2108 peccas
301 2031 424 2091 honesta
442 2038 549 2098 mente,
565 2031 704 2108 pietatem
720 2047 809 2090 uocas

179 2124 295 2193 patrem
311 2114 490 2194 insepultum
508 2114 636 2175 trahere.
663 2114 713 2191 qni
729 2114 807 2191 cogit
822 2113 900 2172 mori
1259 2161 1260 2192 0

180 2199 330 2260 nolentem
346 2200 377 2260 in
393 2217 488 2280 aequo
505 2205 549 2260 est
564 2201 673 2276 quique
689 2203 900 2278 properantem
916 2196 1044 2276 inpedit.
1139 2223 1176 2272 99
1259 2193 1260 2258 l

181 2301 237 2344 neo
253 2290 352 2344 tamen
367 2287 398 2345 in
413 2303 507 2364 aequo
524 2291 582 2344 est:
599 2283 723 2344 alterum
741 2283 860 2360 grauius
875 2300 961 2344 reor:
1121 2307 1174 2358 101
1259 2289 1260 2328 ³

179 2368 256 2428 malo
271 2369 412 2447 imperari
429 2387 515 2449 quam
534 2369 606 2448 eripi
623 2375 749 2428 mortem
765 2367 863 2427 mihi.
1121 2393 1175 2442 100

178 2453 315 2515 oooidere
327 2461 376 2514 est
391 2462 494 2514 uetare
509 2455 678 2531 cupientem
695 2452 780 2512 mori.
1121 2478 1175 2527 100

138 2537 165 2595 b'
221 2537 335 2600 Desiste
352 2547 456 2617 coepto
472 2538 570 2616 uirgo:
590 2539 636 2598 ius
651 2538 730 2597 uitae
745 2554 780 2596 ao
795 2536 877 2596 necis

177 2641 261 2683 meae
276 2641 367 2702 penes
383 2641 430 2684 me
447 2629 499 2683 est.
529 2639 621 2699 regna
637 2621 755 2682 deserni
771 2619 877 2688 libens,
1050 2631 1075 2673 F·
1090 2632 1210 2674 xxxxss

121 2729 124 2732 ·
177 2724 303 2785 regnum
319 2709 377 2767 mei
392 2709 516 2768 retineo.
546 2708 570 2765 si
586 2707 642 2766 fida
659 2725 690 2766 es
706 2723 821 2766 eomes:
914 2737 916 2741 ·
1120 2724 1174 2772 105
1259 2707 1260 2760 t

179 2808 279 2851 ensem
296 2793 413 2871 parenti
428 2791 522 2861 trade,
539 2791 590 2852 sed
607 2797 708 2850 notum
726 2808 799 2851 nece
885 2803 888 2810 ¹

179 2893 280 2937 ensem
295 2885 427 2956 paterna.
454 2876 547 2938 tradis
563 2893 599 2935 an
616 2876 697 2952 gnati
711 2883 812 2935 tenent

177 2979 245 3020 oum
261 2979 354 3038 regno
370 2967 399 3021 et
413 2959 515 3021 ilium?
538 2961 625 3021 iaoiet
639 2960 821 3037 ubicumque
836 2968 881 3023 est
896 2977 978 3038 opus.

176 3049 238 3108 illis
253 3045 398 3123 relinquo,
414 3053 520 3123 gnatus
535 3045 616 3106 huno
631 3044 737 3106 habeat
753 3062 846 3112 meus,

178 3130 231 3191 sed
246 3139 382 3210 uterque.
690 3149 692 3154 ·
1122 3146 1175 3194 110

245 3285 277 3334 78
289 3287 403 3348 pectore
417 3283 440 3332 Α
454 3283 494 3333 ΛΕ
511 3285 537 3332 in
555 3299 609 3332 ras.
628 3281 725 3332 rubore
744 3297 813 3333 corr.
830 3297 866 3331 ex
878 3281 977 3330 robore
990 3279 1026 3330 ΕῙ
1039 3277 1051 3345 ΙΙ
1065 3282 1098 3331 to

176 3350 235 3398 uide
247 3353 284 3399 od
293 3369 318 3401 u.
333 3354 381 3402 192
398 3347 409 3415 Η
426 3353 459 3401 94
472 3353 597 3401 animosa
609 3350 635 3399 E
653 3349 710 3412 (ned
721 3352 765 3401 ult.
778 3351 866 3399 littera
877 3363 928 3401 sor.
942 3365 974 3399 m.
988 3349 1016 3412 2)
1035 3347 1048 3413 li
1064 3350 1100 3399 96

179 3415 362 3478 aliprquando
380 3419 405 3467 E
422 3415 433 3484 ΙΙ
450 3421 498 3469 100
514 3425 575 3483 post
586 3435 610 3470 u.
626 3419 674 3468 109
694 3413 892 3483 collocanttltt.
908 3418 956 3467 100
974 3419 1001 3466 t'n
1013 3433 1098 3481 marg.

178 3482 294 3542 leguntur
307 3484 328 3532 R
340 3481 352 3548 ll
365 3487 413 3534 108
426 3485 516 3534 scelus
528 3486 553 3534 Α
572 3499 640 3550 opus
653 3484 677 3534 E
689 3481 701 3550 {t
714 3486 762 3535 109
774 3485 814 3534 ibi
827 3485 865 3534 sit
877 3500 899 3534 eo
911 3500 980 3535 corr.
994 3484 1061 3538 ΕΡ.
1075 3482 1088 3549 Η
