2550 3978
557 233 679 279 manne
1023 216 1086 280 303

171 370 258 429 etiam
274 370 337 448 ipsa
354 370 449 428 timuit
463 368 574 447 promit
590 379 677 448 atque
692 389 811 432 omnem
827 369 954 450 explicat

170 453 288 513 turham
304 452 467 513 malorum:
492 472 599 515 arcana
615 465 729 515 secreta
746 455 852 516 abdita.

134 545 152 594 b
212 538 249 599 Et
265 540 350 599 triste
364 537 448 597 laeua
465 556 648 616 conprecans
663 555 779 599 sacrum
796 557 885 599 manu

169 629 268 700 pestes
284 629 370 683 uocat
386 641 587 702 quascumque
603 625 744 684 feruentis
760 633 841 685 creat

169 706 280 767 harena
294 707 403 785 Libyae
419 725 551 786 quasque
566 717 708 788 perpetua
726 710 795 769 niue

169 791 284 852 Taurus
300 791 439 851 cohercet
455 793 567 870 frigore
583 801 684 852 arctoo
701 795 801 871 rigens

169 883 197 935 et
212 894 299 936 omne
315 884 481 937 monstrum
549 924 554 936 .
602 925 607 937 .
653 925 660 938 .
708 925 714 936 .

168 1089 498 1106 .......
542 1053 636 1106 tracta
651 1047 773 1122 magicis
790 1045 923 1106 cantibus

165 1130 344 1208 squamifera
359 1128 481 1190 latebris
498 1130 584 1190 turba
602 1130 728 1190 desertis
744 1131 834 1191 adest.

131 1210 158 1268 b'
210 1214 264 1273 Hic
280 1232 368 1275 saeua
384 1232 508 1293 serpens
524 1232 633 1293 corpus
648 1216 816 1276 inmensum
833 1215 924 1275 trahit

164 1298 351 1378 trifidamque
365 1298 495 1376 linguam
512 1307 626 1360 exertat
643 1306 671 1360 et
686 1302 802 1377 quaerit
817 1299 924 1380 quihus

163 1384 316 1443 mortifera
331 1384 444 1452 ueniat,
462 1386 593 1444 carmine
610 1385 708 1444 audito
724 1392 823 1462 stupet

165 1467 367 1546 tumidumque
384 1467 468 1527 nodis
484 1485 594 1546 corpus
609 1471 737 1547 aggestis
752 1468 842 1548 plicat

164 1551 301 1629 cogitque
317 1553 346 1610 in
363 1550 461 1611 orbes.
493 1554 605 1630 ‘parua
622 1559 706 1612 sunt'
722 1554 817 1630 inquit
833 1551 928 1611 ‘mala

163 1641 192 1695 et
208 1633 266 1694 uile
283 1633 373 1694 telum
390 1644 434 1694 est
449 1637 506 1694 ima
523 1636 601 1714 quod
619 1635 706 1696 tellus
722 1644 818 1697 creat:

163 1718 244 1778 caelo
261 1726 358 1796 petam
374 1737 499 1779 uenena.
529 1721 647 1780 iamiam
665 1729 781 1798 tempus
797 1727 841 1780 est

163 1802 272 1880 aliquid
288 1822 412 1863 mouere
429 1803 531 1864 fraude
547 1804 664 1880 uulgari
680 1805 776 1865 altius.

128 1909 143 1943 c
204 1887 268 1947 Huc
284 1885 333 1947 ille
348 1888 423 1948 uasti
439 1906 522 1948 more
538 1891 676 1949 torrentis
693 1891 792 1950 iacens

161 1972 320 2032 descendat
335 1974 439 2048 anguis
455 1975 538 2032 cuius
553 1975 704 2033 inmensos
720 1975 793 2034 duae

161 2058 255 2116 maior
271 2058 428 2134 minorque
444 2059 574 2117 sentiunt
590 2057 682 2117 nodos
699 2059 778 2118 ferae

161 2139 274 2220 [molor
283 2144 417 2217 pelamis
433 2149 508 2217 apto
522 2145 647 2202 sidoniis
662 2141 776 2223 minor]

159 2243 335 2304 pressasque
350 2226 470 2286 tandem
486 2225 585 2286 soluat
601 2227 747 2305 ophiucus
763 2244 867 2288 manus

159 2311 300 2389 uirusque
316 2310 428 2370 fundat.
461 2311 536 2370 adsit
552 2311 586 2370 ad
604 2320 706 2372 cantus
722 2330 804 2371 meos

158 2391 303 2454 lacessere
319 2413 407 2454 ausus
424 2396 539 2472 gemina
558 2395 671 2474 Python
689 2399 817 2456 numina.

125 2475 148 2534 α’
200 2479 236 2538 Et
251 2477 342 2556 hydra
359 2487 386 2538 et
402 2481 497 2538 omnis
512 2479 617 2539 redeat
632 2479 772 2540 herculea
788 2497 877 2541 manu

158 2565 273 2622 succisa
289 2580 411 2641 serpens
428 2563 517 2624 caede
534 2582 565 2624 se
581 2582 724 2643 reparans
739 2583 801 2624 sua.

156 2653 189 2708 tu
205 2665 322 2726 quoque
339 2647 447 2708 relictis
463 2647 589 2726 peruigil
606 2648 723 2709 Colchis
739 2650 809 2710 ades

157 2732 251 2809 sopite
267 2733 395 2809 primum
412 2733 547 2792 cantibus
562 2752 686 2812 serpens
702 2736 799 2794 meis'

156 2823 313 2893 postquam
330 2819 466 2876 euocauit
481 2835 568 2878 omne
584 2827 756 2896 serpentum
773 2836 882 2896 genus:

157 2901 292 2977 congerit
305 2901 336 2958 in
352 2919 443 2960 unum
460 2901 553 2979 frugis
569 2903 713 2963 infaustae
729 2902 820 2963 mala:

221 3103 271 3152 683
291 3117 328 3151 en
347 3104 494 3165 scripserim
506 3100 518 3168 ΙΙ
531 3105 700 3169 complicans
719 3105 744 3154 A
764 3119 943 3169 comprecans
961 3105 987 3154 E
998 3101 1010 3171 Η
1023 3106 1074 3156 684

153 3169 274 3218 feruenti
287 3169 338 3219 ΕΑ
358 3169 492 3220 feruentis
505 3171 566 3220 nm
586 3167 650 3237 1686
670 3177 746 3222 arcto
766 3173 856 3223 oriens
874 3169 923 3238 ΕΗ
935 3173 984 3222 687
1005 3175 1073 3222 lacu·

153 3253 209 3287 nam
220 3240 362 3303 significari
379 3246 483 3288 uztctore
496 3236 576 3305 nel
595 3242 645 3291 688
663 3255 776 3304 sqamea
790 3242 813 3288 A
833 3241 1000 3303 squamifera
1013 3240 1039 3289 E
1059 3241 1072 3305 Η

153 3306 202 3355 689
220 3321 282 3355 sera
300 3307 325 3356 A
345 3321 432 3356 saeua
444 3305 485 3370 Ep
496 3302 508 3373 Η
525 3308 575 3357 690
593 3323 710 3370 querens
723 3308 747 3357 A
768 3309 876 3372 quaerit
887 3307 913 3356 E
924 3304 936 3374 Η
948 3309 998 3358 695
1016 3308 1072 3357 iam

153 3388 225 3422 nunc
238 3378 344 3438 tempus
363 3374 388 3423 A
407 3375 462 3423 iam
480 3379 588 3439 tempus
601 3375 632 3436 E
650 3377 705 3425 iarn
723 3377 779 3424 iam
797 3379 816 3425 t.
835 3375 860 3424 Ε
878 3381 897 3424 t.
919 3376 963 3426 Gr.
987 3371 999 3441 Η
1023 3378 1072 3427 700

153 3441 226 3490 eieci.
235 3437 244 3503 ΙΙ
254 3443 301 3490 702
312 3442 460 3492 FANDAT
470 3444 559 3494 Reacr.
590 3445 639 3492 704
651 3458 749 3492 manus
762 3443 787 3492 E
799 3459 882 3492 manu
894 3444 919 3493 A
928 3441 936 3508 Η
947 3446 996 3494 705
1007 3443 1071 3510 sede

152 3506 178 3555 E
205 3505 298 3556 dnn
316 3509 405 3561 Rescr.
428 3508 512 3559 caede
531 3510 556 3559 A
593 3513 642 3562 709
659 3511 843 3561 INFAVTAE
862 3512 951 3563 Rescr.
975 3508 988 3577 ΙΙ
