2526 3986
181 151 222 215 90
458 164 489 210 u.
509 161 642 224 nuunnr
658 159 814 209 sennenn

181 321 260 366 Aru,
523 301 628 381 expedi
644 300 811 381 amplexus,
829 307 927 376 pater:

181 407 302 452 uenere.
335 394 443 448 natos
465 388 568 465 ecquid
591 387 764 464 agnoscis
786 385 871 445 tuos?

147 484 165 532 d
227 489 307 535 ΤΗΥ.
335 473 505 552 Agnosco
522 465 659 532 fratrem?
681 471 807 531 sustines
824 476 935 532 tantum
952 468 1038 530 nefas
1124 485 1191 534 1010

182 566 297 638 gestare
313 556 419 618 tellus?
442 574 501 616 uon
518 557 553 617 ad
569 556 716 616 infernam
732 562 814 635 styga

183 646 387 722 tenebrasque
400 642 528 719 mergis?
552 648 639 718 rupta
656 649 683 700 et
698 641 809 718 ingenti
825 639 873 699 uia

183 729 220 790 ad
237 728 328 788 cbaos
343 728 430 788 inane
446 743 539 803 regna
557 744 623 785 curn
640 743 711 803 rege
726 724 858 802 abripis?

183 829 243 874 non
258 819 318 873 tota
335 811 371 871 ab
388 813 447 871 imo
463 816 539 870 tecta
557 807 729 872 conuellcns
744 807 807 868 solo

183 899 276 958 uertis
291 897 446 976 Mycenas?

144 981 169 1040 d'
487 979 572 1040 Stare
588 981 666 1040 circa
682 977 838 1038 Tantalum

183 1075 310 1145 uterque
326 1066 383 1124 iarn
400 1065 572 1125 debuimus:
594 1063 664 1123 hine
680 1062 872 1141 compagibus

173 1159 214 1212 et
229 1151 298 1210 hinc
313 1149 456 1218 reuulsis‚
474 1151 498 1208 si
514 1148 583 1226 quid
600 1149 675 1208 inira
692 1148 816 1208 Tartara
832 1155 875 1207 est

186 1253 317 1313 auosque
332 1241 460 1303 nostros,
477 1233 536 1293 huc
552 1242 631 1293 tuam
647 1234 758 1292 inmani
774 1233 840 1294 sinu

186 1321 305 1381 demitte
321 1317 429 1379 uallem
446 1336 559 1395 nosque
576 1318 710 1378 defossos
725 1326 792 1396 tege

185 1405 352 1467 Acheronte
366 1409 439 1463 toto,

145 1487 179 1545 d''
354 1537 356 1545 s
476 1487 588 1548 Naxiae
603 1503 692 1586 sipara
709 1493 797 1566 caput

190 1574 305 1633 animae
322 1578 468 1650 uagentur
484 1578 617 1632 nostrum
635 1578 664 1632 et
680 1572 796 1632 ardenti
811 1571 887 1632 lreto

191 1657 369 1736 phlegethon
387 1657 513 1717 lichenas
528 1658 634 1734 igneus
651 1663 726 1716 totas
741 1674 832 1735 agens

192 1743 278 1802 exitia
295 1759 385 1820 supra
401 1749 502 1802 nostra
518 1740 664 1802 uiolentus
679 1741 761 1802 fluat.

188 1829 298 1886 inmota
314 1825 401 1886 tellus
416 1827 532 1904 pondus
547 1827 687 1904 ignauum
703 1828 787 1887 iacet.

157 1925 170 1958 e
232 1909 473 1988 l'ugeresuperi.
539 1949 541 1952 -

191 2008 268 2054 nun.
486 1999 541 2056 iam
559 1997 659 2072 accipe
675 1995 729 2056 hos
744 1997 841 2073 potius
856 1993 954 2056 libens

186 2078 239 2138 aliu
257 2080 408 2155 expetitos
441 2078 519 2139 nulla
536 2097 590 2156 per
606 2080 727 2142 iratrem
744 2087 788 2140 est
803 2097 901 2140 mora:

77 2182 86 2194 ·
193 2163 293 2223 fruere
309 2163 445 2224 osculare
460 2163 558 2224 diuide
574 2164 727 2242 amplexus
742 2164 846 2224 tribus.

192 2260 272 2307 ΤΗΥ.
298 2247 356 2307 hoc
372 2247 497 2309 loedusi
512 2249 586 2309 haec
602 2255 646 2310 est
662 2251 773 2327 gratia?
789 2249 864 2310 haec
878 2249 979 2310 iratris
994 2248 1089 2309 tides?

192 2333 234 2391 sic
250 2332 315 2392 odia
331 2332 436 2411 ponis?
457 2350 516 2392 non
533 2339 616 2410 peto,
633 2332 789 2394 incolumis
804 2341 889 2412 pater

193 2451 393 2460 ———--.-...

262 2519 327 2568 1009
347 2523 375 2568 et
394 2519 457 2582 quid
475 2518 500 2567 Ε
531 2519 630 2584 ecquid
648 2521 674 2570 Α
702 2516 714 2584 ΙΙ
744 2522 810 2571 1012
829 2524 982 2584 tonosque
1001 2537 1023 2570 ω
1042 2537 1113 2572 eurr.

193 2583 310 2636 B.Sebm.
336 2582 347 2651 ΙΙ
371 2588 539 2638 roro-1019
557 2593 632 2637 stare
652 2589 728 2638 circa
745 2589 884 2638 tantalum
899 2587 903 2651 Ι
919 2603 1047 2652 auosque
1065 2605 1114 2640 no-

197 2655 268 2700 stros
287 2653 311 2700 si
330 2653 390 2715 quis
410 2655 483 2702 intra
502 2659 610 2704 tartara
635 2659 678 2705 est
703 2652 708 2720 Ι
735 2660 852 2722 uterque
875 2658 932 2706 iam
956 2655 1114 2708 debuimus.

194 2717 259 2766 hinc
278 2718 457 2783 compagibus
473 2717 477 2786 Ι
494 2727 522 2771 et
533 2723 599 2772 hine
612 2722 729 2773 reuulsis
741 2723 796 2774 hue
808 2728 886 2773 luam
904 2725 1020 2773 immani
1033 2725 1098 2774 sinu
1111 2724 1114 2789 Ι

195 2784 301 2835 dimitte
319 2786 422 2836 uallem
440 2789 465 2838 Α
501 2795 575 2840 stare
594 2806 619 2844 c.
638 2795 657 2840 t.
677 2789 683 2854 Ι
702 2795 817 2857 uterque
835 2793 854 2841 i.
874 2791 900 2846 d.
918 2791 945 2844 lr.
966 2807 991 2843 c.
1013 2789 1018 2858 Ι
1041 2796 1069 2842 et
1086 2793 1115 2843 h.

194 2867 216 2900 r.
236 2852 345 2916 siquid
367 2855 443 2904 infra
461 2855 602 2907 tartaree
626 2857 630 2920 Ι
658 2874 780 2924 auosque
803 2863 913 2911 nostros
935 2860 990 2910 hoc
1012 2865 1063 2910 tua
1086 2860 1117 2910 in

195 2920 270 2968 mani
290 2922 354 2970 sinu
378 2919 382 2989 Ι
411 2923 525 2974 demitto
544 2925 620 2976 ualle
645 2923 752 2990 (ualles
770 2935 789 2981 t.
810 2928 871 2990 Gr.)
891 2929 916 2978 E
946 2924 958 2996 ΙΙ
989 2931 1055 2979 1022
1074 2935 1116 2980 to·

195 2991 238 3036 tas
256 2987 313 3036 ΕΑ
339 2993 444 3040 ‘tortas
466 3008 524 3041 naec.
548 2998 687 3043 ecnreoeu'
708 2993 752 3060 (l)
772 2995 824 3046 Ba.
853 2992 866 3062 ΙΙ
902 2999 969 3047 1024
992 2998 1071 3048 iaces
1090 2999 1116 3048 A

194 3053 270 3133 iacet
288 3055 313 3104 E
336 3051 348 3122 ΙΙ
379 3059 444 3108 1025
462 3070 551 3125 cmm
578 3061 675 3125 fugere
695 3064 795 3129 superi.
815 3063 859 3118 At.
880 3069 910 3114 at
929 3066 1029 3129 accipe
1050 3063 1115 3125 (Re-

197 3135 258 3185 erpe
282 3122 305 3172 R
328 3139 375 3179 om.
399 3124 443 3176 At.
469 3125 518 3188 et.)
554 3127 603 3177 hos
627 3131 718 3193 potius
745 3131 838 3182 libens
862 3133 969 3198 Recipe
994 3132 1116 3196 (Atreus.

198 3187 302 3252 Accipe
321 3191 355 3252 R)
380 3192 464 3243 hosce
485 3195 577 3244 eitius.
607 3195 703 3248 liberis
725 3200 840 3249 tandem
858 3201 915 3250 suis
928 3202 953 3251 Α
975 3198 1037 3263 (nisi
1049 3203 1118 3268 quod

198 3259 355 3333 nonnullius
374 3261 454 3310 uerba
471 3261 568 3327 fugere
588 3265 688 3328 superi,
709 3267 754 3316 atii
765 3268 844 3318 uerba
862 3268 921 3318 Atr.
941 3270 1116 3320 at--libens

199 3323 323 3394 proritent)
343 3325 441 3392 fugere
464 3331 557 3394 superi
574 3331 655 3382 ΛΤΒ.
673 3334 778 3398 Accipe
802 3336 851 3386 bos
871 3337 962 3401 potius
981 3337 1076 3388 libens
1093 3337 1117 3386 E

198 3392 382 3516 ZZmEaficipe
405 3397 436 3444 ei.
451 3395 567 3448 B.Sebm.
588 3396 648 3462 [0οε
672 3400 825 3468 00001002]
856 3400 867 3469 ΙΙ
897 3405 964 3455 1028
988 3406 1074 3456 ΤΗῩ.
1092 3407 1117 3455 Α
