2526 3986
170 149 173 156 ¹
190 173 250 238 122
468 188 499 234 u.
515 185 650 236 aunum
666 184 823 236 suuuonu

189 338 322 394 cessatoe
338 336 458 398 tectum,
474 327 573 388 uibrat
588 328 617 386 in
633 325 758 389 fratrum
774 343 871 387 manu.

156 444 176 478 e
231 416 352 476 Lauiata
367 430 455 474 canes
470 419 564 473 mater
580 411 707 472 ostendit
722 428 830 480 comas
1161 429 1211 475 440
1246 479 1247 488 ἵ

189 509 275 580 rogat
289 499 461 568 abnuentes,
476 498 585 575 inrigat
598 495 669 556 iletu
685 513 784 573 genas.
1246 491 1247 498 ’

90 642 97 648 .
189 602 299 662 negare
315 584 402 644 matri
417 584 469 662 qui
483 581 533 642 diu
549 579 672 652 dubitat,
689 587 794 660 potest.
1128 594 1161 644 80

160 789 179 822 a
234 766 302 814 100.
325 752 358 812 lu
374 769 422 812 me
437 769 519 812 arma
535 758 564 811 et
578 752 663 828 ignes
678 752 793 811 uertite.
820 750 914 811 inme
930 752 1028 824 pmnis
1042 759 1111 811 ruat

189 858 279 900 unam
294 840 431 898 iuuentus
447 852 582 915 quaeque
597 834 634 895 ab
650 834 766 895 inachio
781 835 863 896 uenit

189 925 320 984 animosa
337 939 422 982 muno
438 937 574 999 quaeque
588 918 716 980 thebana
732 918 815 980 ferox
1160 933 1209 981 445

103 1055 105 1062 .
189 1007 344 1070 descendit
358 1024 437 1066 arce.
462 1005 535 1065 ciuis
550 1013 638 1083 atque
653 1003 748 1065 hostis
763 1003 852 1065 simul

189 1093 269 1153 huuc
284 1093 374 1170 petite
390 1097 525 1152 uentrem
541 1091 592 1167 qui
608 1088 688 1150 dedit
703 1089 810 1150 iratres
826 1091 902 1151 uiro.
1127 1099 1160 1149 85

190 1176 265 1238 haec
280 1174 412 1236 membra
428 1175 538 1253 passim
553 1172 683 1253 spargite
699 1191 733 1234 ac
748 1171 896 1234 diuellite:

191 1278 246 1338 ego
261 1269 420 1340 utrumque
435 1260 550 1338 peperi.
581 1259 687 1336 ponitis
703 1258 815 1318 fernum
831 1260 930 1320 ociust

191 1365 229 1406 an
245 1346 312 1407 dico
328 1354 408 1405 etex
424 1344 501 1422 quot
525 1342 661 1404 dexteras
676 1347 785 1404 matri
802 1342 895 1404 date.
1162 1353 1209 1399 550

154 1439 180 1499 o'
236 1431 308 1491 llate
323 1429 393 1490 dum
409 1431 476 1508 piae
491 1435 568 1488 sunt.
600 1445 686 1488 error
701 1429 811 1489 inuitos
826 1429 923 1490 adhuc

194 1515 265 1576 iecit
279 1522 429 1583 nocentes,
446 1531 534 1573 omne
548 1513 686 1573 fortunae
701 1512 755 1573 luit
1129 1520 1163 1569 90

191 1602 344 1678 peccantis
358 1600 387 1659 in
404 1616 458 1659 nos
474 1597 601 1658 crimen:
618 1596 675 1657 hoc
690 1598 820 1676 primum
836 1597 919 1674 nolas

192 1685 269 1745 inter
285 1686 411 1746 scientes
426 1685 550 1760 genitur.
581 1682 610 1740 in
626 1689 724 1743 uestra
739 1700 829 1743 manu
844 1690 890 1743 est

191 1777 291 1830 utrum
308 1767 414 1830 uelitis.
446 1775 547 1828 sancta
563 1767 587 1826 si
602 1767 696 1845 pietas
711 1765 823 1844 placet,
1163 1774 1209 1820 455

193 1854 329 1914 donate
345 1861 496 1913 matrem
512 1869 594 1931 pace.
626 1853 650 1912 si
665 1851 775 1929 placuit
790 1850 900 1922 scelus,

192 1938 286 1998 maius
301 1945 437 2018 paratum
453 1946 512 1997 est:
529 1936 624 1998 media
640 1955 672 1997 se
688 1938 812 2015 opponit
826 1953 944 2014 parens.
1130 1941 1163 1991 95

192 2022 317 2101 proinde
334 2021 443 2082 bellum
458 2020 550 2083 tollite
566 2030 616 2081 aut
632 2019 701 2081 belli
716 2039 840 2081 moram.

160 2140 179 2174 a
235 2105 364 2167 Sollicita
381 2108 428 2167 cui
444 2124 524 2167 nunc
539 2113 633 2166 mater
649 2102 761 2166 alterna
777 2123 867 2184 prece

192 2190 285 2251 uerba
301 2190 485 2251 admoueho?
508 2192 616 2251 misera
631 2208 719 2269 quem
735 2189 897 2268 amplectar
912 2191 1017 2271 prius?
1165 2195 1211 2241 450

192 2277 223 2336 in
239 2283 395 2354 utramque
411 2284 524 2354 partem
541 2275 634 2336 ducor
650 2274 766 2335 adiectu
781 2277 856 2353 pari.

192 2360 242 2420 hic
257 2361 337 2431 aluit,
355 2359 406 2422 sed
422 2368 507 2438 pacta
523 2361 547 2421 si
562 2360 688 2420 iratcum
704 2358 812 2429 ualent,
1134 2363 1180 2413 101

193 2463 273 2506 nunc
288 2444 361 2506 alter
377 2444 481 2506 aberit.
512 2461 583 2521 ergo
598 2446 656 2504 iam
672 2462 833 2522 numquam
850 2445 925 2506 ditos

193 2532 250 2590 nisi
265 2531 308 2590 sic
323 2528 453 2589 uidebo?
475 2531 563 2608 iunge
579 2528 740 2608 conplexus
755 2530 839 2607 prior

261 2734 293 2782 77
317 2736 463 2796 cessatque
486 2749 507 2782 ω
537 2737 674 2783 cessatue
698 2731 773 2782 NHs.
805 2727 817 2798 ll
845 2731 930 2782 telum
949 2733 974 2782 A
1005 2736 1115 2783 tectum

195 2799 242 2864 Εψ
270 2795 284 2866 Ι]
311 2801 345 2850 80
367 2803 529 2851 continuatur
545 2815 641 2850 scaena
658 2801 684 2849 in
701 2799 727 2848 E
755 2815 846 2850 nouom
862 2800 953 2851 statuit
970 2801 996 2849 A
1026 2797 1038 2866 Η
1068 2801 1114 2851 Ιο-

193 2871 281 2918 costa.
300 2867 448 2930 Polynices
462 2867 485 2916 A
498 2863 510 2933 [Ι
525 2869 558 2917 82
575 2883 632 2918 una
648 2876 673 2931 ψ
689 2870 700 2933 ΙΙ
715 2869 750 2918 84
767 2867 912 2918 deseendit
922 2868 948 2918 A
968 2867 1039 2918 disc.
1052 2868 1078 2917 E
1089 2864 1102 2933 11

193 2937 270 2985 ciues
294 2939 324 2985 at
344 2950 378 2985 ue
403 2934 496 2984 hostes
518 2934 543 2983 Ε
579 2935 697 2986 aluisa.
722 2934 855 2985 hostisA
893 2931 905 3001 ΙΙ
942 2936 976 2987 86
1005 2951 1069 2986 mea
1086 2938 1114 2986 A

192 3003 264 3058 haec
281 3002 306 3051 E
326 2949 343 3068 ᾖ
363 3003 396 3053 88
415 3017 452 3051 an
469 3002 566 3068 dioop
585 3019 618 3053 ec
635 3001 661 3054 d.
681 3015 714 3052 αε
737 2997 749 3068 ΙΙ
773 3001 884 3054 dextras
902 3003 1114 3068 metridatem

191 3070 322 3120 dexteras
345 3070 408 3135 loge
432 3066 500 3132 (iod.
523 3085 576 3121 err.
599 3070 696 3136 matri)
720 3068 795 3120 datis
820 3087 838 3121 ot
876 3070 1006 3122 dexteras
1029 3073 1116 3122 metri

192 3137 258 3187 date
276 3137 301 3187 Ε
324 3134 336 3204 ΙΙ
364 3140 396 3188 91
414 3137 443 3185 in
460 3153 510 3188 uos
529 3140 553 3187 A
576 3138 605 3188 in
623 3153 673 3188 nos
691 3147 728 3201 εψ
751 3134 763 3203 [Ι
790 3141 824 3189 94
841 3138 944 3190 donate
962 3140 1045 3189 moiri
1063 3154 1116 3205 pu·

114 3259 118 3268 ,
193 3220 254 3255 cem
271 3222 294 3256 co
311 3205 336 3254 d.
355 3210 471 3255 matrem
489 3220 560 3270 pace
579 3221 598 3255 α
615 3207 640 3257 d.
660 3206 743 3256 matri
760 3211 851 3270 paeto
868 3205 902 3260 t.
914 3206 1035 3258 Mueller.
1054 3210 1114 3261 coll.

194 3275 244 3320 122
262 3287 301 3338 sq,
329 3268 342 3338 [1
370 3275 403 3322 tto
421 3272 535 3337 proinde
554 3273 609 3322 ium
627 3271 653 3322 Ε
676 3275 732 3324 iam
750 3289 796 3327 om.
817 3274 842 3324 A
872 3271 884 3340 ΙΙ
912 3277 945 3325 97
969 3276 1016 3325 eui
1038 3289 1115 3326 nuuc

193 3339 317 3389 sollicite
328 3343 417 3390 meter
428 3340 454 3389 Ε
472 3339 543 3404 (soll.
563 3355 635 3390 nunc
654 3343 698 3392 cui
716 3356 750 3396 m.
770 3343 882 3405 adron.)
900 3342 962 3392 soll.
976 3345 1023 3394 cui
1039 3357 1116 3394 nuno

194 3417 230 3450 m.
249 3406 273 3453 A
309 3408 354 3455 cui
371 3407 431 3456 soll.
451 3423 533 3461 nunc,
552 3416 628 3472 mdo
652 3407 663 3474 ΙΙ
687 3410 875 3476 alternaprete
893 3410 919 3459 Ε
947 3407 960 3478 [l
990 3414 1037 3462 101
1056 3412 1115 3462 iem

194 3483 242 3516 om.
262 3471 328 3519 Boc
350 3487 404 3521 non
423 3476 455 3525 ci.
475 3476 547 3538 Lipa.
577 3471 589 3540 H
