2516 3998
470 208 678 288 'Punsnnpro
983 227 1047 274 xxr
1080 279 1086 286 ,

164 385 307 440 Praeterea
329 403 384 442 non
400 401 547 459 numquam
563 385 610 441 ubi
631 386 657 441 in
673 385 820 444 florentino
840 386 910 443 libro
932 389 1046 462 pristina

101 471 240 547 scriptura
257 485 333 526 erasa
350 478 392 526 est
408 470 450 526 ucl
468 470 628 532 obscurata,
651 470 722 527 illam
738 470 800 528 libri
817 472 929 528 Vindob.
947 472 1046 528 auxilio

100 554 291 628 agnoscimus:

157 671 218 756 112
235 671 287 728 iam
304 672 364 729 odia
380 665 455 727 E²A
591 682 655 731 uota
679 673 706 730 V

156 757 217 814 116
234 773 276 812 me
292 760 396 832 pariter
411 766 438 813 et
454 775 484 814 se
499 759 560 814 uin·
590 775 632 814 me
649 759 715 815 uicit
731 768 758 815 et
773 777 803 816 se
818 761 911 816 uincat
934 759 959 815 V

236 835 368 898 catfflA
501 883 503 886 -

156 925 217 983 273
235 919 562 1000 quorecid.E²inroc.A
592 922 795 1006 quo[bo]rsum
812 927 896 985 excid.
921 927 948 983 V

157 1004 459 1068 37400010010011112
590 1015 727 1070 sociemur
750 1006 818 1069 VE¹
891 1083 895 1092 ι

177 1093 215 1152 62
233 1095 333 1152 deuicti
345 1098 374 1151 E
384 1096 403 1165 (i
414 1099 442 1152 in
452 1096 525 1169 ros.)
538 1098 564 1152 A
592 1097 698 1155 deuicta
721 1097 749 1153 V

197 1180 216 1237 8
232 1183 336 1254 tepenti
353 1173 425 1236 E²A
594 1190 703 1256 tepente
727 1181 783 1238 VR

170 1296 244 1366 Quae
259 1316 321 1356 cum
344 1299 381 1356 ita
397 1299 452 1356 sint
468 1300 515 1373 qui
536 1300 635 1357 librum
652 1299 887 1358 vindobonensem
907 1303 1055 1375 conposuit

102 1386 127 1440 is
148 1383 258 1440 uidetur
279 1384 306 1440 iu
327 1384 505 1442 describendo
521 1385 662 1443 Herculcr
683 1394 794 1460 praeter
814 1385 901 1442 libros
921 1386 1051 1459 uolgarcs

105 1498 141 1510 -
166 1469 275 1526 eosdem
303 1470 431 1526 nimirum
458 1470 530 1526 uude
557 1479 663 1528 ceteras
683 1470 789 1528 fabulas
816 1471 989 1545 transcripsit
1012 1500 1050 1512 —

105 1554 199 1610 codice
219 1571 287 1610 usus
310 1569 371 1610 esse
392 1554 436 1610 uel
458 1555 561 1612 codicis
577 1555 716 1612 cuiusdam
734 1555 894 1629 fragmentis
914 1557 1051 1612 recensio·

104 1638 146 1694 nis
172 1638 296 1694 melioris
325 1639 523 1696 uetustioribus
551 1639 711 1703 florentino,
742 1641 813 1697 unde
840 1639 1052 1697 Phoenissarum

105 1739 217 1797 quoque
232 1723 374 1796 inscriptio
390 1724 506 1798 repetita
522 1725 567 1780 sit.
582 1724 639 1780 Nisi
656 1724 727 1780 iorte
742 1723 812 1781 banc
827 1719 888 1778 libri
909 1723 1051 1797 Vpartem

104 1814 233 1881 putamus
249 1806 281 1864 ad
298 1808 439 1863 tertiam
456 1808 589 1882 quandam
602 1809 691 1866 redire
703 1817 794 1864 textus
811 1799 1050 1864 recensionem

104 1891 296 1964 antiquissimo
317 1901 442 1967 tempore
464 1891 575 1956 iactam,
598 1895 675 1950 cuius
696 1902 837 1967 practerea
853 1891 957 1952 nullum
980 1899 1053 1948 extet

104 1977 263 2050 uestigium.
300 1975 352 2032 Sed
368 1979 428 2034 siue
443 1977 497 2034 hoc
511 1979 571 2036 siue
586 1977 652 2035 illud
669 1979 795 2053 ampiecti
811 1978 907 2040 males,
925 1978 977 2034 hoc
993 1979 1053 2051 qui·

104 2061 166 2116 dem
182 2060 315 2118 concedes
330 2060 429 2118 librum
449 2061 544 2118 chrn
561 2063 587 2118 in
599 2065 698 2120 ceteris
714 2064 860 2137 tragoediis
876 2061 1053 2119 restituendis
1110 2096 1112 2104 ‚

105 2145 207 2200 nullius
229 2148 359 2202 momenti
381 2145 432 2208 sit,
455 2146 487 2202 ad
502 2146 645 2204 Herculem
662 2155 750 2204 tanton
767 2149 886 2222 priorem
907 2147 1054 2204 emendan-

105 2229 165 2285 dam
181 2228 328 2306 plurimum
344 2230 435 2287 ualere
443 2229 482 2304 *1.

171 2330 304 2406 Superest
333 2339 364 2387 ut
390 2349 441 2406 qua
468 2335 575 2389 ratione
604 2334 636 2389 in
664 2333 809 2390 Octauia
838 2332 1053 2390 recensenda

106 2418 209 2472 uersati
232 2418 318 2472 simus
334 2417 490 2474 doceamus.
518 2421 608 2492 Atque
629 2435 724 2474 omnes
741 2418 848 2492 quidem
870 2416 955 2474 libros
970 2434 1051 2472 mscr.

108 2518 179 2575 quos
201 2501 320 2557 aditanc
335 2495 502 2576 praetentam
525 2503 716 2558 emendandam
732 2500 917 2563 adhibuimus,
938 2501 972 2556 ad
987 2517 1053 2556 eun-

106 2586 168 2642 dem
185 2585 305 2642 codicem
322 2587 441 2642 anticum
457 2586 617 2643 referendos
633 2603 694 2643 esse
710 2585 865 2642 luculenter
880 2585 971 2657 arguit
985 2585 1054 2641 mira

106 2687 202 2726 eorum
225 2673 253 2726 in
274 2671 440 2744 corruptelis
461 2671 622 2745 quibusdam
642 2670 816 2746 grauioribus
839 2672 985 2727 consensio
1006 2668 1053 2742 (ci.

105 2754 170 2810 Luc.
187 2753 309 2811 lluellcr.
325 2755 348 2812 J.
364 2756 387 2811 J.
405 2756 487 2814 1866
508 2775 534 2830 p.
551 2757 632 2828 388).
663 2755 726 2812 llam
748 2763 779 2811 ut
801 2773 831 2811 ca
852 2756 1054 2829 praetermitta-

106 2855 167 2896 mus
190 2839 258 2896 nitia
279 2856 348 2913 quae
370 2857 420 2898 nos
436 2842 544 2915 quidem
566 2841 701 2898 detexisse
717 2839 796 2897 nobis
812 2840 950 2902 uidemur,
973 2855 1053 2895 nemo

106 2924 235 2997 proiecto
256 2923 392 2982 dubitabit
418 2927 483 3000 quin
504 2926 649 3000 deprauata
676 2927 730 2982 sint
753 2926 849 2982 hacce:
886 2943 912 2980 u.
935 2923 975 2980 42
1006 2941 1053 2980 ora

108 3091 313 3102 ——-

176 3189 205 3256 ²¹²)
225 3189 304 3253 Quod
322 3191 351 3240 in
367 3190 450 3240 huius
461 3191 527 3242 libri
543 3192 726 3258 inscriptione
743 3191 840 3241 ultimo
858 3191 920 3240 loco
934 3189 1054 3240 Octauio

108 3262 331 3308 commemoretur
350 3273 405 3308 non
426 3263 469 3309 est
490 3259 594 3310 mirum.
636 3260 705 3309 Nam
727 3259 858 3309 librarius
880 3273 941 3308 cum
964 3261 992 3306 et
1012 3257 1063 3306 in-'

109 3327 287 3392 scriptionem
305 3327 458 3380 etHcrc.1
478 3343 511 3378 ox
527 3326 599 3377 libro
616 3327 664 3378 illo
682 3328 803 3392 optimae
821 3330 918 3388 notae,
944 3330 1054 3376 ceteras

109 3409 143 3444 ex
161 3395 259 3445 codice
277 3393 386 3458 uolgari
404 3392 522 3460 (uolgari
539 3395 633 3446 ordine
646 3395 701 3444 nisi
719 3395 792 3459 quod
804 3393 954 3458 Thyestem
969 3394 1054 3444 intor-

107 3467 224 3525 poneret
241 3465 307 3512 ante
322 3461 406 3511 Herc,
424 3478 448 3511 11
469 3462 649 3528 inscriptione
668 3462 787 3514 fortasse
806 3459 959 3527 conmotus)
977 3466 1053 3511 tren·

107 3530 282 3596 scripsisset,
302 3529 367 3594 quin
380 3528 528 3581 Octauiam
541 3530 623 3580 titulo
637 3529 750 3580 adderet
762 3529 855 3578 fecere
868 3545 922 3580 non
936 3533 1055 3595 poteret,
