2490 3984
174 121 238 186 320
262 187 265 192 ,
563 101 705 182 monum

218 275 285 335 Vbi
300 273 403 335 tondet
418 273 478 336 ales
495 273 579 334 auide
595 273 753 334 fecundum
770 275 852 334 iecur

176 368 206 421 et
220 362 297 421 inter
312 359 407 420 undas
423 358 537 419 feruida
554 365 674 418 exustus
690 358 737 418 siti
783 365 786 368 '

176 463 267 522 equas
283 443 402 526 fugaces
418 461 471 504 ore
487 444 613 522 decepto
630 444 741 524 appetit

176 546 287 607 poenas
302 528 425 588 daturus
445 528 581 589 caelitum
597 527 721 604 dapibus
737 527 862 605 graues?

219 613 277 674 Sed
293 611 342 672 ilie
357 619 476 674 nostrae
492 630 561 691 pars
577 619 664 690 quota
681 618 725 671 est
741 612 845 691 culpae
860 614 970 674 senex?

175 705 348 776 reputemus
363 716 466 758 omnes
482 716 556 775 quos
572 697 610 756 ob
626 695 761 756 infundas
777 714 881 758 manus

177 783 327 860 quaesitor
341 800 415 843 urna
432 785 553 860 gnosius
568 789 668 842 uersat
682 799 765 840 reos:

176 868 292 927 uincam
309 866 451 945 Thyestes
466 866 629 927 sceleribus
646 875 769 926 cunctos
786 868 873 936 meis,

175 970 192 1011 u
209 952 300 1011 iratre
316 952 427 1012 uincar.
460 950 560 1012 liberis
575 950 682 1029 plenus
695 949 792 1011 trib'us

175 1037 206 1094 in
223 1053 270 1094 me
286 1034 409 1114 sepultis
424 1037 539 1096 uiscera
556 1035 640 1095 exedi
655 1053 730 1094 mee.

219 1119 439 1180 Necbactenus
454 1121 570 1180 fortuna
588 1117 746 1180 maculauit
761 1128 890 1196 patrem,

176 1204 227 1264 sed
245 1205 338 1264 maius
355 1203 433 1264 aliud
449 1223 518 1266 ense
535 1205 683 1264 conmisso
699 1202 810 1272 sceluS,

177 1295 283 1367 gnatae
299 1289 444 1349 nefandos
459 1298 562 1368 petere
578 1287 754 1349 concubitus
769 1287 860 1348 iubet.

90 1379 94 1387 '
176 1391 235 1432 non
252 1373 377 1451 pauidus
392 1372 476 1433 hausi
492 1373 583 1440 dicta,
605 1372 657 1433 sed
673 1375 739 1450 cepi
755 1373 846 1432 nesus,

219 1457 297 1534 Ergo
313 1468 345 1517 ut
360 1477 414 1536 per
430 1460 525 1518 omnis
541 1457 653 1517 liberos
668 1459 741 1517 irem
759 1475 884 1534 parens,

176 1549 276 1601 coactu
293 1541 360 1601 sutis
376 1551 463 1620 gnata
480 1543 538 1604 sert
553 1550 671 1602 uterum
688 1559 811 1619 grauem

175 1645 223 1686 me
237 1635 321 1704 petre
337 1626 468 1704 dignum.
500 1645 587 1688 uersa
603 1636 707 1689 natura
725 1633 768 1686 est
783 1634 875 1688 retro.

175 1728 231 1770 auo
247 1719 399 1788 parentem
415 1729 471 1789 pro
487 1711 570 1772 nesus
585 1713 663 1790 patri
679 1711 777 1771 uirum

176 1797 273 1872 gnatis
289 1805 410 1873 nepotes
426 1798 531 1856 miscui
548 1797 626 1856 nocti
642 1796 729 1856 diem.

220 1879 276 1938 Sed
293 1898 359 1940 sera
376 1880 494 1941 tandem
511 1880 632 1958 respicit
646 1879 740 1942 fessos
757 1878 839 1940 malis

175 1971 242 2040 post
257 1962 314 2024 iota
331 1964 448 2025 demum
465 1967 552 2025 sortis
567 1966 698 2024 incertae
714 1965 804 2026 tides:

175 2065 228 2107 rex
244 2047 292 2108 ille
308 2065 412 2126 regum
429 2049 534 2110 ductor
550 2050 752 2124 Agamemnon
769 2050 877 2110 ducum

176 2132 259 2192 cuius
276 2140 394 2194 secutae
409 2133 490 2193 mille
507 2132 645 2193 uexillum
662 2141 741 2194 rates

175 2215 259 2277 iliaca
275 2215 348 2278 uelis
365 2220 456 2278 morin
471 2226 613 2279 texerunt
626 2219 703 2287 sub,

175 2308 243 2379 post
259 2301 374 2362 decimu
391 2302 504 2363 Phoebi
519 2302 611 2362 lustra
627 2303 743 2370 deuicto
759 2302 811 2363 ltio

176 2385 259 2446 adest
274 2387 396 2447 daturus
412 2388 530 2464 coniugi
546 2386 679 2466 iugulum
695 2406 775 2448 suae.

218 2470 339 2531 lamiam
355 2472 468 2532 notabit
483 2474 626 2548 sunguine
642 2471 756 2532 alterno
773 2471 887 2534 domus

175 2573 262 2616 enses
277 2573 412 2616 securem
428 2555 483 2617 telo
500 2557 625 2617 diuisum
642 2559 727 2634 graui

175 2641 236 2699 ictu
254 2638 393 2719 bipennis
409 2643 525 2718 regium
542 2641 629 2702 uideo
646 2650 743 2718 caput.

175 2725 244 2784 ium
261 2723 373 2785 scelera
389 2743 483 2804 prope
499 2735 565 2785 sunt
581 2727 648 2786 iarn
665 2724 750 2786 dolus
767 2727 872 2787 caedes
888 2745 985 2788 cruor.

218 2808 364 2870 Ponuntur
381 2809 494 2889 epulae.
526 2827 613 2870 causa
628 2809 733 2871 natulis
750 2811 790 2872 tui

175 2892 312 2970 Aegistho
329 2895 418 2955 uenit.
451 2895 519 2972 quid
536 2894 633 2971 pudor
648 2895 748 2956 uultus
763 2904 881 2974 grenat,

174 2977 245 3056 quid
263 2977 365 3038 dextra
381 2978 473 3041 dubio
487 2979 600 3056 trepide
617 2979 738 3041 consitio
753 2979 846 3052 lebet,

175 3165 380 3172 ...-—.-—-—-

243 3285 275 3332 23
298 3288 497 3416 reuetamuru
527 3278 538 3349 Η
567 3285 600 3334 35
623 3283 681 3335 Auo
700 3289 869 3350 nepotemu
899 3285 931 3338 A.
950 3291 1099 3352 parentem

174 3349 305 3399 EunuA
327 3347 333 3416 Ι
364 3354 396 3402 38
418 3352 543 3402 incertae
562 3352 632 3400 ΕΛΕ
656 3353 781 3402 incestae
800 3355 825 3403 Α
849 3350 862 3420 ΙΙ
884 3356 918 3403 42
942 3353 1052 3404 decima
1070 3356 1100 3406 E

175 3416 284 3478 denam
302 3417 373 3468 bina
386 3435 405 3468 α
416 3415 427 3484 Ι)
439 3422 471 3470 45
490 3434 614 3471 securem
627 3419 652 3469 E
670 3435 781 3472 secures
793 3422 817 3470 A
831 3417 842 3488 Ι]
854 3424 887 3473 te
905 3427 978 3474 tuus
990 3423 1069 3474 NHs.
1092 3423 1101 3490 ii
