2502 3978
538 174 688 222 onurrvs
1017 107 1100 226 215⁶

248 319 374 377 frontem
390 316 481 375 ramis
495 323 598 375 tenero
614 315 715 382 nouis,

248 402 459 478 dominumque
476 417 564 460 canes
580 417 668 477 egere
685 401 789 460 suurnt
1098 409 1148 460 tto

291 570 437 646 Praeceps
452 567 541 630 siluas
556 578 731 647 montesque
748 569 823 647 fugit

248 656 322 715 citus
338 655 465 714 Actaeon
482 653 607 733 agilique
624 656 717 732 magis

248 739 322 817 pede
338 759 392 818 per
407 738 498 799 saltus
514 758 547 799 ac
563 757 631 799 saxa
648 757 741 817 uagus

248 825 352 886 rnetuit
367 831 462 885 rnotas
477 823 612 902 zephyris
627 822 745 902 plumas

249 916 277 970 et
292 927 366 988 qnae
383 911 481 986 posuit
496 911 570 970 retia
586 909 668 970 uitat.

291 1079 390 1138 Donec
406 1076 512 1156 placidi
528 1077 616 1137 sontis
632 1081 660 1138 in
679 1080 754 1138 unda

248 1181 387 1224 cornua
403 1163 476 1223 uidit
492 1162 648 1241 uultusque
665 1164 758 1229 seros,

248 1247 298 1309 uhi
313 1249 461 1325 uirgineos
478 1248 592 1308 iouerat
607 1255 687 1308 artus

247 1334 369 1393 nimium
386 1333 466 1394 saeui
482 1333 548 1393 dina
565 1332 713 1413 pudoris]

458 1599 618 1646 OEDIPVS.
643 1598 778 1646 lOCASA.

132 1778 149 1811 a
207 1755 297 1816 Coras
313 1755 442 1816 renotuit
457 1757 573 1816 animus
590 1763 617 1815 et
633 1756 740 1834 repetit
756 1763 860 1816 metue.

164 1840 259 1901 obisse
274 1848 375 1900 nostro
391 1841 494 1901 Laiurn
510 1838 624 1900 scelere
640 1847 792 1901 autumant

163 1927 261 2005 superi
276 1925 436 2005 inferique,
454 1924 505 1984 sed
522 1926 637 1984 animus
656 1932 758 1985 contra
774 1927 919 1986 innocens

163 2009 275 2087 sibique
291 2009 396 2070 rneiius
412 2027 500 2086 quarn
516 2009 578 2070 deis
594 2017 681 2071 notus
698 2019 794 2088 negat.

131 2099 147 2150 b
205 2095 292 2154 Redit
307 2096 449 2154 memoria
464 2101 553 2154 tenue
568 2113 623 2173 per
634 2096 796 2172 'uestigium

163 2179 303 2240 cecidisse
319 2181 412 2238 nostri
425 2181 533 2258 stipitis
549 2179 634 2256 pulsu
651 2177 772 2240 obuium

163 2265 322 2342 datumque
338 2263 409 2331 Diti.
427 2281 492 2324 curu
508 2265 591 2341 prior
606 2265 744 2324 iuuenem
762 2282 853 2324 senex

162 2366 249 2410 cursu
265 2347 413 2426 superbus
428 2347 553 2426 pelleret
569 2347 679 2409 Thebis
696 2348 800 2427 procul

162 2434 291 2511 phocaea
309 2433 419 2493 trifidas
434 2431 517 2510 regio
533 2451 588 2512 qua
605 2433 712 2494 scindit
728 2434 799 2492 uias.

130 2513 153 2571 a'
204 2517 346 2577 Vnanirna
363 2519 491 2577 coniunx
508 2518 620 2595 explica
638 2534 756 2578 errores
772 2535 888 2594 precor.

162 2620 235 2680 quae
251 2603 341 2680 spatia
359 2603 488 2662 moriens
504 2601 592 2663 Laius
605 2604 683 2662 uitae
698 2601 787 2662 tulit?

160 2687 296 2766 primone
311 2689 342 2746 in
358 2704 432 2746 aeno
448 2687 551 2746 uiridis
567 2705 602 2747 an
618 2687 712 2747 iracto
728 2687 852 2748 occidit?

162 2783 229 2832 loc.
252 2773 330 2831 inter
345 2787 447 2831 senern
462 2773 661 2851 iuuenemque
676 2772 728 2832 sed
744 2775 866 2852 propior
882 2775 954 2834 seni.

128 2853 153 2910 b'
204 2867 286 2916 nnn.
311 2855 502 2933 Frequensne
518 2855 602 2916 turha
619 2859 733 2934 regium
750 2859 845 2932 cinxit,
856 2857 948 2919 latus?

161 3026 364 3034 —-.-—-—.

228 3129 277 3178 778
299 3143 348 3191 per
366 3127 453 3176 siluas
472 3135 495 3189 ψ
511 3122 523 3192 ΙΙ
540 3143 573 3176 ac
590 3127 616 3177 Ε
640 3131 666 3176 et
686 3129 709 3177 A
727 3123 738 3195 tt
756 3130 804 3179 779
822 3128 949 3192 zephyris
968 3129 1008 3177 εΑ
1032 3144 1077 3178 ze-

160 3195 246 3258 phyro
269 3195 376 3245 Vratisl.
394 3193 445 3244 Bo.
470 3190 482 3260 ΙΙ
505 3196 554 3244 782
572 3195 651 3245 ferox
669 3195 717 3259 Eup
748 3197 822 3246 feros
840 3197 865 3244 A
889 3191 901 3260 {l
924 3196 974 3246 783
993 3195 1032 3244 ibi
1051 3195 1076 3244 E

160 3261 207 3312 ubi
226 3263 251 3312 A
275 3258 286 3327 Η
311 3264 360 3313 790
378 3263 457 3326 pulsu
476 3262 574 3328 nonu
593 3263 711 3326 impulsu
730 3264 753 3312 A
773 3278 862 3312 uersus
880 3279 926 3315 om.
944 3271 967 3326 ψ
990 3257 1003 3328 [l
1027 3265 1075 3313 791

161 3329 308 3393 datumque
328 3337 372 3394 εψ
392 3330 485 3380 datum
505 3345 564 3381 esse
584 3331 608 3379 A
622 3327 633 3394 ΙΙ
647 3331 695 3380 799
715 3345 794 3380 curru
808 3347 829 3380 ro
848 3345 938 3381 cursu
956 3330 1051 3394 scripsi
1068 3331 1077 3400 lt

160 3396 312 3530 Thebfff
342 3395 353 3464 ΙΙ
382 3399 431 3449 793
454 3399 481 3447 in
500 3399 598 3461 tritu
627 3394 638 3464 Η
668 3399 717 3448 794
737 3397 936 3462 explicerrores
956 3399 981 3449 E
1001 3415 1073 3451 erro·

159 3480 216 3514 rem
