2550 3978
195 177 259 242 248
479 193 510 240 e.
527 191 658 239 rurum
674 191 831 240 sunnone

194 334 340 394 uiuamus.
372 333 430 393 heu
446 349 494 392 me
509 333 560 410 qui
574 331 657 392 loeus
672 331 748 391 fidus
763 349 830 391 meo

196 419 253 479 erit
268 417 367 477 timori
382 434 478 496 queue
494 424 523 477 te
538 416 608 476 sede
622 415 776 476 orontem?

162 509 179 560 «1
240 505 299 563 Arx
317 500 363 562 iile
380 501 494 579 poliens
509 499 616 578 opibus
630 511 660 559 et
675 503 767 561 muris
782 500 870 561 deum

197 595 302 665 gentes
317 604 372 665 per
386 603 490 646 omnes
505 585 584 645 clera
601 594 630 645 et
643 585 772 644 inuidiae
788 587 889 662 grauis

194 689 273 733 nunc
289 669 386 749 puluis
401 669 491 741 nitus,
507 678 598 731 strete
613 677 683 730 sunt
696 668 815 730 flamme
830 672 942 738 omnia,

195 762 393 835 superestque
409 762 490 815 uesta
507 773 542 814 ex
559 753 633 814 urbe
649 772 687 813 ne
702 763 814 814 tantum
831 753 949 832 quidem

195 857 254 918 quo
269 838 357 900 iateet
372 839 476 900 iniens.
508 857 611 918 quem
627 838 746 899 locum
762 838 886 899 fraudi
900 838 1013 916 legam?

161 949 176 983 e
237 924 288 985 Est
305 923 435 985 tumuius
449 925 554 1001 ingens
570 924 704 1001 coniugis
719 924 780 983 ceri
796 941 895 992 secer,

200 1008 351 1072 uerendus
367 1009 445 1069 hosti
460 1006 538 1069 mole
554 1025 643 1085 quem
658 1010 792 1068 inmense
809 1024 917 1085 parens

197 1093 363 1173 opibusque
378 1095 494 1172 magnis
509 1094 617 1152 struxit
631 1093 662 1151 in
678 1091 774 1152 luctus
790 1109 858 1152 euos

194 1196 247 1239 rex
264 1195 323 1239 non
339 1195 461 1239 auarus:
486 1185 607 1255 optume
621 1176 741 1237 credam
757 1178 843 1254 patri.
860 1211 901 1220 -—

194 1263 286 1324 sudor
302 1279 356 1341 per
372 1269 453 1323 erius
468 1262 591 1339 frigidus
606 1268 683 1322 totos
698 1261 790 1321 cedit:

194 1365 282 1408 omen
299 1355 443 1408 tremesco
460 1348 566 1406 misera
583 1345 681 1407 teretis
696 1345 763 1405 loci.
865 1385 866 1390 η

160 1439 173 1488 f
238 1443 313 1492 suu.
337 1431 415 1492 Haeo
431 1449 516 1493 reuse
534 1431 642 1492 multos
657 1449 714 1490 uno
732 1430 768 1490 ab
783 1427 903 1491 interitu
920 1430 1013 1490 arcuit

195 1515 276 1577 credi
292 1517 413 1593 perisse.

193 1602 292 1662 Andr.
454 1602 503 1660 uix
521 1601 585 1678 spei
601 1602 757 1680 quicquam
774 1607 940 1678 estsuper:

196 1703 287 1764 graue
303 1685 419 1763 pondus
433 1683 515 1745 ilium
532 1701 636 1762 magna
655 1682 791 1744 nobilitas
807 1685 923 1761 premit.

196 1782 269 1831 suu.
296 1788 332 1830 ne
348 1769 454 1848 prodet
469 1769 588 1847 aliquis,
605 1787 710 1830 emoue
726 1776 815 1829 testes
831 1767 898 1828 doli.

194 1867 301 1914 Annii.
327 1853 356 1914 Si
372 1855 487 1933 quaerit
502 1854 612 1914 hostis?

112 1978 125 2022 ἱ.
195 1951 269 1999 suri.
638 1937 712 1997 urbe
728 1938 756 1996 in
774 1955 878 1999 euersa
895 1939 981 2015 perit.

194 2035 300 2083 nunu.
325 2022 393 2100 quid
411 2021 544 2100 proderit
559 2021 679 2082 latuisse
694 2023 826 2082 redituro
842 2023 872 2080 in
888 2023 1011 2083 manus?

196 2119 270 2168 sun.
296 2107 391 2168 uictor
408 2107 523 2166 seroces
539 2107 665 2184 impetus
680 2108 792 2185 primos
809 2106 905 2166 hebet.

195 2205 301 2252 nunti.
327 2191 394 2270 qtrid
412 2191 489 2269 quod
506 2189 676 2252 latere-sine
693 2199 772 2252 metu
788 2209 895 2270 magno
912 2192 1032 2268 nequit?
1129 2203 1182 2252 505

195 2289 269 2338 situ.
295 2276 384 2338 miser
401 2283 526 2354 occupet
542 2276 702 2354 praesidia,
719 2294 843 2337 securus
858 2274 945 2354 leget.

161 2358 186 2418 ‹t'
240 2373 345 2422 nunu.
371 2360 460 2432 Quis
478 2368 505 2420 te
520 2359 626 2421 iocus
642 2379 717 2440 qrrne
733 2361 815 2438 regio
832 2361 951 2422 seducte
967 2362 1044 2420 inuia

196 2453 257 2507 tuto
274 2445 415 2525 reponet?
438 2445 502 2522 quis
518 2445 595 2505 ieret
610 2445 731 2524 trepidis
747 2446 852 2524 opem?

195 2532 261 2607 quis
277 2529 428 2609 proteget?
451 2531 501 2608 qui
517 2547 636 2608 semper
652 2532 739 2591 etiem
755 2547 834 2590 nunc
849 2537 916 2590 tuos

194 2613 304 2675 Hector
320 2621 418 2681 tuere,
443 2615 576 2691 coniugis
592 2615 732 2676 furtum
750 2617 815 2692 pice

194 2716 280 2759 serua
297 2707 326 2759 et
341 2696 420 2758 neten
436 2700 536 2758 cinere
551 2700 700 2760 uicturum
716 2700 828 2777 excipe.

262 2935 312 2985 485
331 2934 376 2998 qui
395 2933 419 2982 Ε
438 2935 501 2998 quis
519 2936 544 2984 Α
561 2931 573 3000 ΙΙ
593 2937 644 2985 488
661 2935 755 3000 grauis
773 2934 798 2983 Ε
817 2951 904 3000 capax
924 2936 949 2984 Α
965 2932 977 3002 Η
997 2936 1048 2986 498
1068 2952 1110 2985 er·

194 3003 254 3068 gott
272 3011 295 3066 ψ
312 2999 390 3068 01499
409 3002 498 3052 credit
516 3002 540 3050 Ε
557 3001 569 3069 ΙΙ
584 3003 693 3052 ANDR.
713 3019 759 3052 om.
779 3003 829 3052 EA
849 3005 950 3052 audiuit
967 3004 1111 3067 Rupieten-

191 3073 259 3135 pirre.
283 3069 475 3136 (tironenses
494 3077 584 3120 tonent:
602 3071 644 3120 Ne
663 3071 762 3134 prodet
780 3071 896 3134 aliquis,
915 3086 1011 3121 amone
1030 3070 1112 3120 Seni

195 3137 290 3196 imbuit,
303 3139 329 3188 io
341 3137 474 3202 prioribus
487 3137 696 3188 Andromach
705 3153 743 3187 ee
755 3140 876 3204 reiinquit
894 3139 947 3187 Vix
959 3139 1020 3202 spei
1032 3139 1111 3202 quid·

194 3221 276 3270 quem
295 3211 450 3270 estsuper,
472 3205 551 3256 Seni
570 3207 684 3270 assignat
702 3205 794 3256 Graue
813 3205 939 3270 pondus)
967 3207 1113 3256 Gronouins

191 3289 282 3336 pertun
301 3273 396 3338 reete.)
425 3269 436 3339 ΙΙ
465 3275 515 3323 500
533 3273 616 3323 AND.
635 3273 660 3321 Ε
678 3289 724 3322 nm.
745 3273 768 3321 A
792 3270 804 3340 Η
827 3276 875 3323 501
895 3269 972 3323 SEN.
990 3273 1031 3323 Ne
1050 3291 1112 3339 pro-

194 3339 244 3389 dut
266 3340 367 3406 reliquis
388 3341 392 3403 Ι
411 3341 514 3391 Amoue
532 3345 620 3390 testes
638 3341 694 3390 doti
717 3341 740 3390 Ε
770 3343 800 3390 Α.
822 3342 864 3391 Ne
881 3337 980 3407 p'rodat
997 3341 1112 3404 aliquis.

195 3405 358 3522 Setemobre
377 3412 464 3541 tffstes
481 3408 547 3458 doti.
569 3409 592 3457 Α
614 3405 625 3474 ΙΙ
645 3410 695 3459 500
713 3410 814 3459 Misero
834 3405 881 3475 ul]
900 3411 950 3459 510
968 3409 1071 3458 turtum
1089 3425 1112 3458 ω

194 3487 295 3522 eorem
340 3491 362 3526 o.
