2550 3978
160 175 224 250 244
442 189 471 234 n.
490 189 620 235 Annum
638 187 796 235 snuscnu

204 330 415 391 comconiunx
431 326 523 388 oculis
539 328 668 405 inposuit
684 345 803 388 manum

203 431 419 493 supremusque
435 413 498 473 dies
513 411 624 472 solibus
640 411 752 471 obstitit

204 508 234 558 et
249 500 339 559 tristis
354 501 470 558 cineres
487 515 560 556 urna
578 496 747 558 cohercuit?

205 602 263 644 non
280 583 401 663 prodest
416 583 542 642 animam
558 582 676 642 tradere
692 581 804 650 funeri,

204 669 256 729 sed
272 677 363 728 restat
379 669 493 728 miseris
509 669 612 727 uiuere
627 666 762 744 longius?

249 838 293 897 An
310 837 362 897 toti
378 838 522 896 morimur
540 833 677 914 nullaque
693 853 762 914 pars
779 842 879 894 irratiet

207 923 316 990 nostri,
333 940 399 981 cum
416 921 543 998 profugo
559 921 679 997 spiritus
695 918 786 978 halitu

208 1007 347 1066 inmixtus
364 1004 479 1066 nebulis
492 1006 579 1064 cessit
594 1007 624 1064 in
641 1021 708 1063 aera

208 1098 236 1149 et
252 1091 361 1150 nudum
378 1091 470 1168 tetigit
488 1089 603 1150 subdita
621 1089 667 1148 fax
684 1088 779 1148 latus?
951 1101 973 1144 r.
989 1101 1083 1142 xxvni
1102 1103 1154 1151 390

149 1261 156 1280 '
250 1256 1005 1336 Quicquidsoloriensquicquidetoccidens

208 1345 304 1412 nouit,
323 1343 466 1403 caeruleis
482 1342 617 1402 Oceanus
633 1342 716 1402 iretis

208 1427 385 1506 quicquid
403 1427 448 1486 bis
465 1428 587 1486 ueniens
601 1429 646 1487 bis
661 1427 777 1502 fugiens
792 1425 886 1494 lauat,

208 1523 287 1572 actas
303 1528 430 1590 pegaseo
447 1512 591 1589 corripiet
607 1511 709 1588 gradu.

253 1678 327 1748 Quo
342 1680 458 1741 bissena
474 1680 577 1739 uolani
591 1679 686 1739 sidera
704 1679 835 1747 turbine,

209 1785 277 1845 quo
294 1783 383 1826 cursu
398 1773 540 1844 properat
557 1764 680 1825 uoiuere
696 1762 813 1825 saecula

208 1857 354 1911 astrorum
372 1849 523 1918 dominus,
540 1868 610 1929 quo
627 1857 768 1928 properat
784 1849 872 1909 modo

208 1933 334 2012 obliquis
351 1935 459 1994 Hecate
475 1953 596 1994 currere
612 1933 755 1994 sscxibus:

152 2107 158 2126 '
252 2102 315 2162 Hoc
331 2121 433 2162 omncs
450 2103 575 2179 petimus
592 2102 646 2162 iata
665 2120 719 2162 nec
736 2102 860 2180 amplius

208 2189 319 2248 iuratos
335 2189 451 2265 superis
467 2187 516 2266 qui
532 2187 628 2264 tetigit
643 2185 740 2254 lacus,

210 2290 332 2351 usquam
349 2280 401 2332 est.
434 2280 465 2331 ut
480 2269 580 2331 calidis
597 2271 695 2332 fumus
711 2271 747 2332 ab
764 2271 884 2348 ignibus

210 2358 341 2417 canescit
356 2358 481 2435 spatium
499 2374 551 2434 per
566 2355 659 2416 breue
675 2356 828 2426 sordidus,

152 2526 167 2546 ''
253 2528 288 2586 Vi
303 2525 396 2586 nubes
411 2525 549 2604 grauidas
565 2543 637 2602 quas
654 2525 741 2584 modo
757 2525 886 2586 uidimus

210 2612 302 2670 arctoi
319 2612 431 2671 Boreae
447 2611 557 2670 dissicit
573 2601 714 2688 impetus:

211 2695 252 2755 sic
268 2695 315 2755 iiic
330 2714 388 2773 quo
404 2697 536 2773 regimur
552 2695 671 2772 spiritus
690 2694 801 2754 ciiluct.

175 2899 376 2908 ...—.--—-—-

235 3033 285 3082 384
305 3032 390 3080 tristis
410 3032 434 3080 Ε
453 3033 546 3080 tristes
568 3029 614 3098 ΑΙΙ
626 3034 675 3082 387
694 3031 735 3080 An
756 3031 778 3080 Α
799 3047 832 3080 ec
850 3028 877 3093 (c
895 3032 923 3080 io
935 3029 1004 3094 rus.)
1025 3029 1061 3079 E²
1080 3026 1089 3094 ii

168 3101 217 3150 390
236 3101 326 3149 subita
344 3096 391 3165 ψΙ4
407 3102 456 3149 393
475 3099 517 3150 bis
536 3100 649 3148 ueniens
670 3103 697 3149 et
716 3099 735 3150 f.
755 3099 779 3148 E
801 3096 859 3161 (uel
872 3099 891 3148 f.
905 3098 930 3146 Ε
945 3106 962 3147 t.
977 3098 1087 3162 Idaea.)

170 3167 211 3216 bis
229 3183 255 3215 u.
274 3167 325 3216 bis
344 3167 363 3216 f.
385 3167 570 3230 Hennederoer
588 3166 630 3216 oet
650 3182 675 3218 u.
696 3166 741 3215 uel
759 3167 781 3214 f.
800 3167 825 3216 A
843 3163 855 3232 ΙΙ
872 3167 951 3217 lebet
972 3166 995 3214 Ε
1006 3162 1018 3231 ΙΙ
1036 3168 1087 3218 395

170 3269 217 3316 Bis
237 3245 288 3332 qud
321 3268 348 3331 (s
367 3269 449 3318 deleto
469 3265 613 3331 corticata.)
639 3267 662 3316 Ε
691 3264 702 3333 [l
733 3273 835 3318 uocant
855 3258 891 3315 E'
922 3283 991 3318 corr.
1020 3266 1060 3316 Ε3
1079 3264 1087 3327 i]

170 3337 219 3384 396
238 3336 349 3385 uoluere
368 3336 463 3386 secula
482 3335 506 3384 Ε
528 3335 625 3384 secula
643 3336 754 3386 uoluere
774 3336 798 3384 Α
815 3332 819 3400 Ι
851 3336 900 3386 398
920 3339 1018 3384 uocate
1038 3334 1063 3383 Ε
1080 3331 1089 3398 li

171 3403 220 3448 399
240 3404 330 3452 Hoce
361 3404 481 3453 HaecA
512 3399 524 3469 Η
553 3403 602 3453 402
621 3403 786 3465 sordibusdr
816 3401 820 3468 i
856 3405 907 3453 404
928 3402 1044 3452 dissicet
1063 3403 1089 3452 Ε

172 3465 280 3516 dissicit
297 3471 337 3518 Md
355 3471 515 3535 dissipatA
546 3466 557 3535 Η
