2490 3984
527 147 725 198 assisiensi)

318 305 389 348 aune
404 287 522 364 stringit
536 285 622 350 litora
637 293 700 348 tuta

319 372 543 449 timidusque
559 372 633 434 mari
649 372 771 434 eredere
788 371 924 436 cumbam

318 474 401 518 remo
418 465 513 519 ternas
527 457 668 534 propiore
682 456 761 533 legit.

408 722 670 773 GLYTEMESTRA.
694 724 835 770 nvsntx.

206 879 281 950 Ouid
298 880 397 957 segnis
412 877 509 940 anime
524 887 587 940 tota
603 878 724 938 consilia
740 881 871 957 expetis?

163 965 233 1044 quid
248 964 418 1025 ssuotnanisi
441 962 540 1024 clausa
556 964 615 1026 iam
631 963 736 1030 melior
752 965 799 1027 uia
816 974 868 1025 est.

162 1049 244 1111 licuit
258 1048 383 1126 pudicos
399 1049 533 1126 coniugis
548 1048 697 1125 quondam
715 1055 796 1111 tonos
895 1109 897 1112 ,

163 1142 192 1194 et
207 1140 324 1212 sceptra
340 1140 419 1194 easta
434 1133 523 1196 uidua
539 1134 630 1194 tutari
645 1133 713 1196 title.

162 1221 280 1297 periere
297 1236 395 1278 mores
410 1219 460 1280 ius'
470 1217 560 1280 decus
575 1220 668 1296 pietas
683 1217 758 1280 fides

163 1304 256 1380 etqui
272 1302 385 1370 redire,
403 1321 470 1364 eom
486 1303 577 1380 penit,
595 1303 691 1364 nascit
706 1303 812 1380 pudor.

163 1387 197 1463 da
214 1387 297 1446 irena
316 1395 345 1446 et
360 1403 478 1448 omnem
493 1403 586 1464 prona
603 1388 762 1463 nequitiam
778 1389 881 1452 innita:

162 1488 216 1550 pon
232 1468 345 1530 scelera
360 1486 478 1546 semper
494 1467 656 1529 sceleribus
672 1477 765 1529 tutum
782 1481 826 1531 est
842 1474 906 1532 iter.

205 1555 317 1614 Tecum
332 1555 394 1631 ipsa
410 1570 489 1613 nuno
505 1552 612 1616 euolue
627 1553 770 1617 femineos
786 1555 885 1626 dolos,

162 1639 241 1718 quod
256 1637 316 1698 ulia
332 1639 460 1698 coniunx
475 1637 586 1714 perfida
603 1645 691 1716 atque
707 1639 792 1714 inpos
808 1641 854 1700 sui

163 1740 264 1786 amoro
280 1740 384 1790 oaeoo,
403 1721 481 1798 qnod
497 1721 672 1786 nonencoles
688 1739 791 1784 manus

162 1825 265 1876 ansae,
282 1806 361 1887 quod
378 1806 486 1868 ardens
501 1807 581 1882 inpia
598 1807 682 1883 ningo
700 1806 763 1866 iace

160 1893 299 1970 phasiaca
315 1891 431 1969 fugiens
447 1906 538 1966 regna
554 1889 709 1952 thessalica
727 1891 825 1954 trabe:

162 1977 275 2038 sernum
291 1993 417 2036 uenena.
448 1973 497 2039 uel
512 1992 686 2054 mycenasas
703 1975 806 2038 domos

161 2062 316 2124 coniuncta
332 2061 414 2121 socio
429 2059 554 2136 profuge
570 2058 678 2124 furtiua
694 2068 768 2120 rate.

160 2145 230 2226 quid
245 2145 346 2208 timida
361 2144 493 2224 loqueris
509 2144 587 2204 furta
603 2151 632 2207 et
647 2143 766 2208 exilium
782 2155 811 2208 et
827 2147 930 2224 tugost

159 2249 245 2292 soror
260 2232 315 2292 isia
331 2229 410 2293 fecit.
441 2237 469 2290 te
485 2229 571 2290 decet
586 2231 681 2290 maius
697 2229 789 2290 nefas.

203 2327 306 2374 nvnn.
330 2314 443 2391 Regina
459 2313 591 2377 Danaum
607 2320 636 2376 et
654 2313 785 2377 inclitum
801 2315 898 2380 Ledae
914 2333 1009 2394 genus

161 2399 231 2478 quid
246 2401 334 2460 tacita
350 2416 454 2460 uersas
469 2397 578 2477 quidue
595 2397 708 2458 consilii
723 2399 861 2478 inpotens

160 2481 272 2544 tumido
288 2483 404 2543 feroces
418 2483 545 2560 impetus
560 2484 658 2544 animo
674 2484 774 2559 geris?

160 2567 228 2627 lieet
242 2567 305 2646 ipsa
320 2565 423 2636 sileas,
440 2573 517 2627 totns
533 2567 563 2626 in
578 2565 662 2628 uultu
679 2575 724 2632 ost
739 2568 832 2630 dolor.
862 2563 864 2568 ’

160 2652 245 2730 proin
262 2649 402 2730 quioquid
419 2657 478 2721 est,
495 2651 531 2712 da
547 2658 663 2728 tempus
679 2670 713 2715 ac
729 2653 933 2732 spatiumtibi.

161 2735 240 2812 quod
256 2737 331 2796 natio
346 2753 405 2796 non
421 2737 500 2815 quit,
517 2753 605 2814 saepe
621 2731 735 2796 sanauit
751 2757 843 2798 mora.

159 2915 362 2922 ..-.—..——--.

227 3022 428 3088 Clytemestra
445 3003 535 3088 otiique
553 3022 626 3072 EBG
636 3018 649 3089 fl
667 3025 714 3074 109
734 3022 837 3088 anime)
857 3040 871 3074 e
890 3026 916 3074 in
933 3040 986 3074 rae.
1005 3022 1043 3072 E²
1061 3024 1074 3089 [Ι

159 3094 207 3145 112
225 3091 310 3142 uidua
330 3104 344 3144 ε
361 3092 556 3156 Reyiomoatani
572 3091 636 3140 liber
659 3091 753 3142 iuncta
771 3093 796 3142 A
826 3087 838 3158 Η
868 3094 914 3142 121
933 3091 971 3141 th.
991 3107 1076 3156 moue

157 3156 439 3226 E11122micaeneas
452 3157 583 3209 domosE
600 3159 754 3208 mioeneam
766 3159 874 3210 domum
888 3158 1077 3224 GMycenaaa

158 3227 236 3279 domo
255 3228 279 3278 Α
298 3223 576 3293 ueroeam.9i1126
595 3225 677 3276 Soror
694 3226 719 3274 E
733 3227 915 3280 GeFabaioius
934 3226 997 3278 Sors
1016 3227 1041 3276 A
1062 3225 1075 3290 ΙΙ

159 3297 207 3344 126
226 3300 253 3346 et
270 3311 317 3350 nm.
337 3309 351 3348 ε
374 3291 386 3362 ΙΙ
409 3297 458 3346 127
477 3295 593 3346 consilia
611 3294 636 3344 Ε
659 3291 671 3358 ii
695 3296 744 3346 130
765 3295 886 3345 Proinde
907 3293 1036 3360 quiequid
1054 3311 1076 3344 ω

157 3361 240 3412 Proin
263 3364 328 3428 quid
353 3380 371 3414 α
399 3363 484 3416 Proin
502 3361 634 3428 quioquid
652 3363 758 3427 Lipsius
786 3359 799 3428 ΙΙ
829 3365 876 3414 131
899 3377 954 3414 non
973 3363 1033 3428 quit
1050 3361 1075 3410 Ε
1096 3371 1098 3377 ·

157 3431 254 3494 nequit
270 3439 293 3495 ψ
311 3432 433 3496 nequiit
451 3447 470 3481 α
493 3427 505 3496 il

587 3511 590 3516 ’
804 3510 873 3574 21*
