2516 3998
191 165 234 228 22
472 181 502 228 n.
519 179 653 228 uuuuer
670 179 824 227 senecen

192 321 335 400 sparsisse
352 322 448 380 crines
464 337 519 380 nec
534 335 623 380 manu
639 318 720 380 molli
734 318 831 380 leuem

193 404 312 468 uibrare
328 404 471 484 thyrsum,
489 423 555 465 curn
571 421 677 482 parum
693 403 764 464 iorti
778 405 871 482 gradu

192 507 265 550 auro
281 489 423 550 decorum
439 507 536 568 syrma
552 489 709 550 barbarico
725 489 821 549 trahit.

190 580 259 654 post
273 573 365 635 muita
381 576 475 634 uirtus
491 591 581 652 opera
597 572 689 634 laxari
705 572 788 634 solet.
1127 595 1182 644 480

150 674 178 740 qo
234 671 310 720 nne.
334 659 523 720 Teuthrantis
538 659 595 719 hoc
611 658 719 720 fatetur
736 659 832 719 euersi
848 659 962 728 domus,

190 761 393 823 pecorumque
409 745 468 804 ritu
484 745 631 821 uirginum
649 744 785 821 oppressi
800 759 915 821 greges,

190 828 340 900 hocoulia
357 829 430 888 iuno
447 828 544 889 nulius
559 828 741 907 Eurystheus
756 827 846 889 iubet.

190 914 619 991 ipsiushaecsuntopera.
694 957 696 962 ,
850 963 853 970 .

189 1010 298 1058 ΑΜΡΗ.
656 1015 717 1058 non
733 998 808 1057 nosti
824 997 929 1058 omnia.

156 1114 174 1164 q
233 1083 356 1160 Ipsius
378 1101 472 1162 opus
492 1089 547 1142 est
567 1082 713 1142 caestibus
729 1083 840 1144 inactus
855 1083 916 1144 suis

189 1169 267 1247 Eryx
283 1174 312 1228 et
326 1167 414 1247 Eryci
428 1169 548 1228 iunctus
563 1169 691 1228 Antaeus
706 1166 795 1247 Libys

132 1255 142 1262 ’
190 1261 219 1314 et
235 1253 285 1330 qui
300 1251 437 1330 hospitali
453 1251 543 1311 caede
559 1259 712 1312 manantes
728 1251 786 1312 ioci

188 1336 293 1398 bibere
308 1339 417 1396 iustum
433 1337 606 1412 sanguinem
623 1336 775 1396 Busiridis.

151 1427 175 1500 q'
232 1421 354 1498 Ipsius
369 1438 463 1498 opus
479 1427 535 1480 est
550 1418 667 1480 uulneri
684 1427 713 1480 et
731 1421 811 1480 ferro
828 1420 933 1482 obuius

189 1513 315 1567 mortem
332 1513 452 1565 coactus
466 1505 581 1582 integer
598 1504 713 1583 Cycnus
728 1507 798 1583 pati.

188 1609 243 1652 nec
260 1607 337 1651 unns
351 1608 410 1650 una
425 1591 544 1668 Geryon
560 1590 656 1650 uictus
672 1607 769 1649 manu.

188 1677 248 1737 eris
262 1676 339 1736 inter
354 1676 425 1734 istos
440 1678 490 1753 qui
507 1680 603 1734 tarnen
620 1672 701 1734 nullo
716 1683 820 1752 stupro

188 1759 303 1821 laesere
317 1757 472 1821 thalamos

158 1879 171 1912 r
230 1855 309 1905 nne.
520 1841 605 1912 Quod
620 1843 684 1903 loui
699 1843 757 1902 hoc
772 1845 836 1920 regi
850 1842 927 1904 iicet.

187 1929 252 1991 loni
267 1926 372 1988 dedisti
387 1928 559 2004 coniugem,
577 1929 642 2004 regi
657 1925 739 1988 dabis

95 2037 98 2042 ·
187 2020 216 2074 et
230 2019 260 2072 te
274 2013 415 2089 magistro
432 2029 490 2071 non
508 2029 617 2072 nonum
633 2012 691 2071 hoc
706 2011 800 2072 discet
815 2029 908 2072 nurus

188 2098 276 2159 etiam
291 2097 356 2156 uiro
372 2095 517 2175 probante
535 2097 688 2158 meliorem
704 2097 799 2173 sequi.

188 2183 233 2244 sin
250 2179 381 2259 copulari
396 2182 531 2260 pertinax
546 2181 641 2242 taedis
655 2188 753 2258 negat,

189 2264 239 2327 uel
254 2284 289 2326 ex
306 2271 405 2325 coacta
422 2264 551 2325 nobilem
567 2274 684 2341 partum
700 2266 804 2325 ieram.
1246 2267 1247 2355 y

153 2358 175 2417 r'
230 2362 314 2412 nno.
342 2348 470 2409 Vmbrae
487 2348 622 2410 Creontis
638 2358 667 2410 et
682 2357 803 2427 penates
818 2348 949 2410 Labdaci

189 2443 218 2496 et
233 2432 378 2512 nuptiales
393 2431 464 2512 inpii
481 2432 650 2513 Oedipodae
667 2434 747 2494 iaces
1124 2460 1173 2508 500

175 2525 266 2580 'nunc
282 2518 367 2579 solita
382 2526 482 2579 nestro
499 2519 556 2578 iata
573 2520 709 2594 coningio
726 2518 802 2578 date.
1244 2579 1245 2582 ,

187 2622 266 2664 nunc
281 2621 360 2663 nunc
375 2608 514 2663 cruentae
529 2605 608 2679 regis
622 2604 744 2682 Aegypti
761 2620 855 2664 nurus
1242 2589 1245 2754 y

254 2823 304 2871 478
324 2821 441 2871 uibrare
459 2822 535 2886 EVur
562 2823 689 2873 uibresse
707 2822 732 2871 Α
765 2818 776 2887 ΙΙ
808 2822 923 2887 gradum
944 2820 979 2871 V¹
1012 2817 1104 2888 [tans

185 2890 334 2940 barbarico
351 2888 407 2939 EV
430 2890 652 2940 barbaricumA
687 2886 699 2957 Η
732 2890 781 2939 481
804 2889 863 2938 Lic'
885 2889 970 2953 (minio
988 2891 1052 2953 scr.)
1081 2893 1107 2941 V

186 2959 241 3007 LY.
257 2955 318 3005 An*
329 2972 377 3020 mg.
391 2973 437 3006 om.
450 2955 485 3006 E¹
503 2955 515 3022 ΙΙ
534 2958 595 3007 Hoc
608 2958 692 3008 euriti
704 2957 755 3006 ΕΑ
775 2957 835 3007 Hoc
848 2958 986 3008 tentantis
1000 2958 1061 3009 nrt
1070 2962 1103 3008 12

186 3041 232 3088 mg.
256 3025 315 3074 Hoc
333 3028 475 3075 tentantes
491 3027 586 3075 Vltrui.
604 3025 739 3074 tentantis
762 3026 838 3074 etiam
854 3025 934 3089 Meg,
956 3025 974 3074 I
977 3025 1040 3075 Pal.
1061 3042 1104 3076 re·

186 3095 292 3154 sentior,
316 3094 389 3143 Voss.
403 3096 499 3144 metior.
512 3109 581 3143 corr.
595 3094 698 3143 Detrius
716 3092 777 3142 Hoc
791 3093 883 3142 euntis
899 3095 925 3143 V
943 3088 956 3159 ΙΙ
979 3093 1030 3143 488
1050 3108 1104 3158 que

187 3209 233 3246 om.
251 3196 276 3242 V
296 3191 307 3261 11
327 3195 378 3245 483
391 3193 470 3244 LYO.
483 3197 557 3244 minio
569 3211 621 3244 scr.
634 3196 683 3244 sed
690 3196 798 3244 deletum
809 3192 846 3243 E¹
869 3190 881 3260 ΙΙ
904 3195 954 3244 486
968 3168 1027 3246 θιῖιὶ
1039 3195 1065 3244 E
1082 3191 1095 3261 ss

187 3262 237 3310 487
260 3263 351 3325 quisu
371 3278 519 3313 reuersum
541 3264 603 3312 add.
627 3260 663 3311 V²
691 3257 703 3327 ΙΙ
736 3261 901 3326 hospitalem
920 3262 1036 3314 caedem
1055 3263 1103 3312 mi-

187 3331 286 3376 nantes
303 3330 328 3378 E
350 3279 369 3392 ἧ
395 3331 446 3380 490
468 3331 577 3392 integer
597 3344 699 3392 cycnus
718 3329 743 3378 E
768 3335 832 3378 ante
851 3329 1031 3392 GeryonesA
1057 3336 1106 3381 aut

189 3393 329 3454 gerionem
345 3398 370 3444 V
390 3392 402 3462 ΙΙ
424 3399 474 3448 493
494 3395 600 3460 quidet
616 3398 640 3448 V
662 3393 675 3464 ss
697 3398 745 3448 501
764 3401 856 3448 uestro
868 3397 893 3446 E
911 3403 1005 3449 nostro
1019 3399 1069 3464 φΑ
1082 3394 1094 3464 Η

188 3459 237 3506 502
257 3462 340 3522 egisti
361 3463 408 3512 Vn
431 3461 442 3530 ΙΙ
