2526 3986
142 567 162 618 d

141 980 169 1039 ἆ,

113 129 115 134 ’
197 157 257 222 112
476 169 830 218 n.auuus1ssuuone
869 228 882 237 ,

195 313 246 373 sed
263 311 403 391 numquid
420 319 448 371 et
462 309 613 390 peccauit?
629 309 797 370 abstrusum
814 309 945 370 abditum
1006 357 1008 362 .

194 396 377 476 dubiumque
393 413 428 456 an
445 413 550 465 essem,
568 394 688 455 sceleris
705 394 815 454 iniandi
831 412 914 455 reum

195 482 269 542 deus
285 483 353 560 egit.

168 557 183 578 ''
398 563 451 625 Illo
468 572 542 626 teste
558 564 895 642 damnauitparens

196 649 350 729 calidoque
367 656 485 712 teneros
501 651 628 710 transuit
644 648 725 709 terro
742 647 833 726 pedes

195 737 268 796 etin
285 733 340 796 alta
357 752 478 796 nemora
495 732 636 814 pabulum
652 733 731 793 misit
746 733 817 792 ieris

194 820 358 899 auibusque
373 821 478 889 saeuis,
495 837 568 896 quas
584 817 743 879 Cithaeron
759 817 864 878 noxius

195 922 302 965 cruore
317 922 406 983 saepe
422 905 505 981 regio
520 905 627 964 tinctas
643 902 704 963 alit.

170 981 185 1002 ''
208 983 210 988 ’
237 989 294 1050 Sed
311 1007 399 1068 quern
415 988 488 1049 deus
503 988 694 1048 damnauit
709 985 816 1047 abiecit
831 994 947 1064 pater,

195 1091 293 1133 mors
310 1091 427 1152 quoque
443 1072 561 1150 relugit.
588 1071 720 1150 praestiti
735 1070 854 1150 Delphis
869 1070 975 1132 fidemt

194 1159 360 1234 genitorem
377 1158 498 1218 adortus
514 1151 701 1236 inpia'straui
717 1173 800 1216 nece.

93 1287 97 1295 .
193 1242 251 1302 hoe
266 1241 361 1318 aliqua
377 1244 471 1321 pietas
487 1241 629 1302 redimet?
645 1275 687 1286 -
702 1239 796 1300 occidi
812 1246 937 1320 patrem.

193 1324 245 1387 sed
260 1334 385 1388 matrem
401 1329 506 1387 amani.
534 1325 672 1404 proloqui
687 1323 883 1404 hymenaeum
899 1324 990 1403 pudet

193 1410 353 1489 taedasque
369 1419 493 1472 nostras.

165 1513 181 1545 c
523 1495 583 1556 llas
598 1512 715 1575 quoque
736 1493 860 1556 inuitum
877 1495 939 1573 pati

157 2069 181 2128 θ’
234 2083 315 2146 Leue
331 2096 375 2146 est
389 2095 547 2165 paternum
564 2088 722 2148 lacinus.
755 2090 786 2146 in
802 2087 947 2148 thalamos
964 2104 1050 2148 meos
1139 2103 1189 2152 270
1243 2137 1244 2174 p

161 2749 179 2799 b

194 1587 222 1640 te
238 1597 311 1665 coge
327 1597 448 1659 poenas.
478 1580 491 1640 l
495 1581 624 1640 acinus
639 1581 773 1656 ignotum
789 1579 913 1640 efferum

193 1665 363 1726 inusitatum
382 1663 443 1726 iare
459 1663 538 1744 quod
555 1663 656 1743 populi
672 1662 822 1734 horreant,

194 1749 272 1827 quod
289 1766 353 1810 esse
369 1750 478 1810 laetum
495 1748 574 1810 nulla
590 1765 648 1808 non
665 1754 745 1809 aetas
760 1755 858 1826 neget,

195 1833 273 1909 quod
289 1835 462 1911 patricidam
479 1834 597 1912 pudeat.
624 1835 654 1892 iu
670 1835 782 1911 patrios
798 1841 881 1893 toros

194 1915 248 1976 tuli
263 1926 386 1995 paterno
403 1919 545 1996 sanguine
560 1917 716 1996 adspersas
732 1935 836 1978 manus

192 2000 421 2081 scelerisque
436 2005 564 2081 pretium
580 2004 674 2063 maius
689 2003 790 2080 accepi
806 2002 941 2063 scelus,

192 2168 318 2230 deducta
332 2178 437 2240 mater,
454 2191 492 2233 ne
506 2189 611 2250 parum
628 2169 790 2232 sceleris
806 2171 891 2239 leret,

192 2252 327 2314 fecunda.
353 2254 465 2316 nullum
482 2257 596 2316 erimen
612 2255 668 2316 hoe
684 2255 778 2316 maius
794 2264 891 2333 potest

192 2344 296 2398 natura
313 2339 401 2399 lerre.
428 2340 547 2419 siquod
564 2341 724 2401 etiamnum
741 2347 915 2400 esttamen:

191 2423 242 2500 qui
258 2422 356 2485 lacere
371 2425 486 2504 possint
502 2424 645 2485 dedimus.
676 2423 769 2484 abieci
785 2427 866 2485 neeis

191 2509 317 2581 pretium
332 2515 474 2587 paternae
490 2517 640 2586 sceptrum
656 2516 686 2569 et
700 2509 757 2569 hoc
773 2510 880 2569 iterum
896 2527 1004 2573 manus

192 2592 317 2650 armauit
333 2591 404 2653 aliie.
433 2595 543 2672 optime
555 2595 640 2670 regui
657 2593 715 2654 mei

195 2673 286 2733 saturn
302 2676 365 2755 ipse
381 2680 467 2737 noui:

479 2761 572 2822 Nemo
588 2764 653 2822 sine
668 2779 754 2823 sacro
771 2763 848 2823 leret

692 2983 742 3032 264
759 2983 902 3033 transtulit
920 2984 988 3034 ΑΕΕ
1009 2983 1115 3048 (trans-

189 3041 262 3090 ondit
281 3059 300 3094 α
316 3048 342 3094 in
353 3047 406 3096 ind.
419 3046 484 3108 err.)
503 3047 621 3097 transuit
692 3044 704 3114 ll
733 3050 784 3100 256
803 3052 959 3115 auibusque
979 3052 1071 3103 auidis
1089 3061 1116 3115 ψ

191 3110 288 3160 auibus
308 3116 336 3161 et
355 3112 444 3162 auidis
463 3129 481 3162 α
509 3114 661 3178 suibusque
680 3117 773 3166 saeuis
793 3118 818 3167 Ε
846 3113 858 3186 ll
887 3120 938 3170 267
960 3123 1071 3172 tractas
1089 3129 1116 3183 ψ

191 3178 327 3228 attrectes
341 3195 359 3230 α
377 3180 679 3236 sincerissimorum
697 3184 859 3236 instinctas
878 3188 947 3252 agit
965 3191 997 3238 et.
1007 3189 1085 3239 NHe.

189 3240 238 3291 261
258 3244 314 3294 alie
332 3262 353 3297 ω
371 3247 476 3311 quua
493 3254 525 3301 et.
538 3249 588 3302 Bo.
612 3247 624 3316 ll
646 3253 695 3301 271
714 3251 853 3303 scelerum
870 3255 895 3304 A
914 3255 1033 3306 sceleris
1053 3256 1080 3306 Ε

189 3308 240 3357 273
257 3312 282 3358 si
299 3329 345 3363 om.
358 3314 391 3363 Ε.
413 3312 437 3430 pp
461 3317 511 3366 274
527 3322 643 3382 possunt
661 3333 681 3368 α
698 3325 812 3384 possent
830 3320 875 3385 (at.
895 3323 1019 3390 possint)
1038 3331 1079 3389 ψε

257 2977 307 3026 252
325 2953 391 3028 reus
405 2977 442 3027 E¹
465 2994 541 3029 reum
559 2978 621 3029 E³A
650 2976 656 3046 Ι

190 3371 240 3420 275
257 3381 400 3438 paternum
449 3387 582 3447 paternae
596 3385 619 3433 A
632 3381 705 3451 {1276
719 3387 784 3438 aliis
796 3389 822 3438 E
834 3396 851 3440 t.
865 3389 890 3439 I.
904 3391 948 3441 Gr.
964 3390 1038 3443 elias
1052 3393 1078 3442 A

190 3436 241 3486 277
261 3442 357 3495 efferet
374 3448 399 3495 Ε
422 3449 495 3500 leret
512 3451 537 3499 A
561 3448 575 3517 Η
723 3495 725 3498 -

1139 1173 1188 1222 260

1138 2525 1189 2573 275

1233 3741 1237 3912 l
