2550 3978
188 139 252 204 298
473 155 502 200 u,
521 152 652 200 annum
670 150 826 198 senecae

188 295 282 373 pietas
297 299 392 353 uetat:
409 309 537 371 namque
552 291 630 350 istud
647 296 678 349 ut
693 290 801 367 possim
817 290 876 367 pati

188 396 248 438 nou
262 379 327 455 ipse
343 384 453 438 memet
469 382 555 453 cogat
571 383 600 434 et
614 393 668 435 rex
684 382 712 433 et
727 391 822 434 socer.

188 462 261 522 haec
276 479 364 522 causa
380 462 458 522 uitae
475 469 521 521 est
535 460 592 519 hcc
607 460 720 537 perusti
737 459 866 538 pectoris

188 547 268 607 curis
283 545 474 613 leuamen,
492 545 596 622 spiritu
613 544 697 604 citius
714 562 819 623 queam

140 661 146 672 ·
190 627 543 691 careremembrisluce.

188 729 273 776 Mun.
606 713 648 771 sic
664 720 797 788 gnatos
812 713 909 773 amati

188 799 264 861 bene
281 807 339 860 est:
356 806 487 867 tenetur,
505 795 621 857 uulneri
636 797 730 874 patuit
744 795 835 856 locus.
853 830 895 840 -

152 911 170 945 ο
231 885 375 961 Suprema
392 891 472 942 certe
487 882 575 942 liceat
590 881 747 940 abeuntem
764 881 845 961 loqui

189 968 344 1036 mandate,
361 967 447 1027 liceat
461 966 597 1028 ultimum
614 964 781 1044 amplexum
798 966 883 1025 dare:

188 1059 305 1130 gratum
321 1060 365 1112 est
381 1061 408 1112 et
424 1051 505 1111 illud.
538 1068 611 1109 uoce
627 1051 684 1109 iam
701 1057 832 1125 extrema
847 1057 915 1128 pete

187 1154 225 1196 ne
241 1138 266 1196 si
281 1155 338 1216 qua
354 1144 456 1196 noster
471 1134 577 1196 dubius
593 1135 696 1194 elludit
712 1132 796 1193 dolor

188 1229 327 1281 maneant
341 1221 370 1280 in
386 1221 483 1280 enimc
499 1219 600 1281 uerba.
633 1217 763 1278 melioris
779 1218 830 1278 tibi

187 1307 331 1366 memoria
348 1307 441 1364 nostri
457 1305 571 1374 sedeat,
588 1303 661 1363 haec
677 1304 738 1362 irae
754 1303 820 1363 data
870 1357 871 1360 ,

188 1389 408 1450 oblitterentur.

187 1487 254 1534 xes.
388 1481 395 1512 ‘-
436 1475 534 1533 omnia
551 1491 585 1532 ex
603 1473 701 1531 animo
718 1470 816 1549 expuli

188 1575 354 1637 precorque
370 1559 476 1634 etipsa
494 1557 640 1617 ieruidam
656 1563 688 1616 ut
703 1563 832 1615 mentem
847 1573 934 1635 regas

187 1643 362 1721 placideque
378 1649 501 1702 tractes:
526 1643 657 1701 miserias
673 1640 747 1700 lenit
765 1641 857 1718 quies.

152 1755 171 1804 p
232 1739 317 1786 uun.
339 1728 487 1787 Discessit.
517 1728 596 1786 itane
612 1725 673 1786 est?
693 1725 777 1784 uadis
792 1724 899 1786 oblitus
915 1727 972 1786 mei

189 1819 218 1872 et
232 1819 275 1871 tot
290 1829 424 1871 meorum
440 1810 624 1870 facinorum?
647 1809 809 1870 excidimus
825 1808 896 1868 libii

189 1913 348 1974 numquam
365 1896 543 1955 excidemus.
574 1894 632 1954 hcc
648 1895 813 1972 agecmnis
829 1893 940 1954 aduoca

189 1981 268 2039 uires
285 1986 314 2039 et
329 1988 417 2040 artes.
449 1979 562 2039 fructus
579 1986 622 2038 est
637 1978 783 2038 scelerum
801 1978 851 2038 tibi

188 2063 302 2124 nullum
319 2063 415 2124 scelus
430 2073 546 2141 putare.
579 2065 627 2122 uix
645 2063 739 2124 fraudi
756 2069 799 2122 est
812 2061 910 2123 loeus:

153 2150 180 2224 ρ’
232 2147 391 2220 'limemun
424 2147 480 2208 hac
495 2148 658 2225 aggredere
675 2165 730 2223 qua
749 2165 835 2206 nemc
851 2155 948 2224 petest

189 2233 345 2310 quicquam
362 2233 475 2293 timere.
506 2250 606 2309 perge.
638 2249 718 2292 nunc
734 2231 808 2292 aude
824 2233 921 2309 incipe

189 2316 329 2396 quicquid
346 2323 441 2394 potest
456 2317 558 2377 Medea
574 2316 713 2396 quicquid
732 2333 792 2375 non
808 2323 913 2394 potest.

190 2407 220 2461 tu
238 2401 293 2460 fida
310 2402 409 2461 nutrix
425 2402 507 2461 socia·
521 2401 663 2460 maeroris
678 2401 735 2460 mei

191 2487 325 2564 uariique
341 2503 427 2546 casus
442 2488 550 2546 misera
567 2485 687 2546 consilia
703 2485 819 2545 adiuue.

153 2569 180 2629 0'
234 2569 286 2629 Est
301 2568 377 2646 palla
393 2569 479 2630 nobis
495 2588 601 2630 munus
617 2570 779 2630 aetherium
797 2569 902 2629 domus

188 2653 339 2732 decusque
354 2656 438 2732 regni
454 2655 560 2734 pignus
575 2656 681 2714 Aeetae
698 2655 797 2715 datum

187 2757 203 2797 a
221 2737 289 2798 Sole
305 2740 437 2816 generis,
455 2751 498 2799 est
514 2748 542 2798 et
557 2757 630 2800 aure
646 2738 739 2800 textili
1126 2749 1182 2799 575

188 2893 390 2902 -ῃ-..ι

255 2959 305 3008 548
322 2957 396 3006 haud
414 2973 521 3020 possum
543 2958 565 3006 A
585 2963 615 3006 ut
633 2957 734 3021 possim
753 2957 778 3006 E
789 2953 801 3022 ΙΙ
817 2958 866 3006 549
884 2972 939 3007 11511
958 2957 981 3006 si
999 2959 1060 3022 ipse
1080 2960 1105 3007 A

187 3039 242 3074 non
261 3025 321 3088 ipse
338 3025 364 3074 E
379 3021 390 3091 ll
408 3026 457 3074 552
477 3027 501 3074 si
518 3024 564 3073 hic
583 3029 665 3074 natos
683 3026 709 3074 A
727 3024 852 3089 signatos
869 3024 895 3073 Ε
911 3021 923 3090 ΙΙ
939 3027 989 3076 558
1008 3026 1106 3075 melior

186 3092 240 3141 tibi
257 3101 281 3155 ψ
300 3093 348 3141 sed
367 3092 465 3141 melior
482 3093 532 3141 tihi
551 3094 576 3141 A
599 3092 721 3143 melioris
741 3093 792 3141 tibi
810 3092 835 3140 E
858 3087 869 3158 ll
893 3096 942 3143 559
962 3093 1061 3144 subeat
1080 3095 1104 3142 A

187 3159 285 3208 sedeat
302 3160 328 3209 Ε
348 3154 360 3226 ΙΙ
380 3161 429 3209 561
447 3160 508 3223 ipse
527 3159 576 3224 Εψ
594 3161 655 3224 ipse
672 3160 697 3209 A
718 3155 730 3225 Η
750 3162 800 3210 565
820 3159 930 3210 excides
949 3159 974 3208 Ε
993 3160 1106 3210 excide-

186 3223 369 3293 111115Α11568
382 3242 465 3360 ipram
478 3244 497 3276 α
510 3225 575 3292 (qua
588 3229 640 3280 ind.
653 3227 717 3293 err.)
730 3224 742 3292 ll
759 3230 808 3278 570
820 3232 899 3292 potes
911 3229 936 3277 A
949 3231 1041 3292 potest
1053 3227 1079 3276 Ε
1097 3226 1107 3294 ΙΙ

185 3294 286 3343 Medea
299 3294 377 3345 om.E
413 3301 491 3358 potes
505 3296 529 3345 A
543 3291 693 3361 potestEss
704 3298 753 3354 573
767 3295 878 3346 etheree
891 3301 914 3358 ψ
928 3295 1072 3346 aetheriae
1087 3312 1107 3345 α

182 3361 340 3412 aetherium
359 3361 384 3410 Ε
407 3360 419 3428 ΙΙ
442 3365 492 3412 574
510 3368 571 3412 5555
590 3367 631 3413 uel
652 3363 775 3428 cetheqt
799 3368 862 3413 aete
881 3363 905 3412 Ε
934 3364 1039 3414 Aeetae
1060 3380 1080 3413 α
1097 3360 1108 3429 ll

187 3429 237 3476 575
256 3429 370 3491 gemmis
389 3431 413 3478 A
433 3432 544 3494 generis
563 3430 588 3479 Ε
611 3426 623 3496 l]
