2526 3986
404 958 559 1005 Txxrxnx
574 959 704 1006 vitans.
734 959 851 1005 FVRIA.

140 1098 156 1131 a
258 1063 329 1135 Quis
345 1081 392 1124 ma
407 1063 573 1122 interorum
589 1063 659 1124 sede
675 1063 711 1124 ab
727 1063 853 1124 infausta
873 1063 1000 1124 extrahit

172 1148 258 1210 auido
274 1148 394 1224 fugaces
410 1166 462 1208 ora
479 1154 645 1225 captantem
663 1147 763 1208 cibos?

140 1251 156 1300 b
217 1233 289 1305 Quis
304 1232 380 1293 male
396 1233 520 1293 deorum
536 1230 659 1293 Tantalo
676 1235 753 1294 uisas
769 1233 872 1293 domes

172 1318 301 1378 ostendit
315 1319 442 1378 iterum?
464 1318 549 1394 peius
564 1317 718 1378 inuenturn
735 1324 778 1378 est
794 1320 841 1377 siti

171 1411 273 1462 arente
287 1404 317 1460 in
336 1402 421 1463 undis
438 1400 549 1479 aliquid
566 1408 594 1462 et
610 1403 692 1480 peius
708 1401 784 1462 farne

172 1487 271 1547 hiante
287 1487 424 1563 semper?
440 1485 558 1565 Sisyphi
574 1487 717 1564 numquid
734 1487 808 1566 lapis

170 1571 331 1647 gestandus
346 1573 457 1631 umeris
473 1570 604 1631 lubricus
620 1572 729 1632 nostris
746 1571 846 1631 uenit?

134 1665 158 1723 b'
208 1657 265 1716 Aut
280 1655 414 1716 membra
431 1655 520 1716 celeri
536 1655 677 1715 differens
694 1673 784 1716 cursu
800 1657 898 1736 rotat⁸

172 1746 222 1801 aut
237 1758 332 1818 poena
348 1741 431 1818 Tityi,
448 1743 500 1818 qui
515 1757 607 1817 specu
622 1749 707 1799 uasto
723 1747 826 1817 patens

172 1825 336 1893 uisceribus
351 1834 430 1885 atras
445 1827 539 1902 pascit
554 1824 666 1885 effossis
682 1843 761 1893 aues,
952 1837 974 1878 r.
989 1838 1085 1880 cxvnn
1106 1832 1140 1880 10

171 1919 201 1970 et
216 1918 304 1970 nocte
319 1927 461 1986 reparans
487 1909 626 1988 quicquid
643 1910 738 1970 amisit
754 1910 810 1979 die,

170 1993 289 2071 plenum
307 1996 421 2056 recenti
438 1993 577 2073 pabulum
597 2002 730 2054 rnonstro
747 1995 839 2056 iacet?

137 2109 152 2143 c
213 2079 246 2139 ln
263 2079 340 2156 qnod
357 2077 467 2140 malum
484 2078 689 2139 transcribor‘t
711 2098 728 2139 ο
745 2081 878 2159 quisquis
897 2098 973 2140 noua

171 2163 314 2242 supplicia
331 2165 438 2224 functis
454 2163 546 2223 durus
563 2163 735 2225 umbrarum
752 2163 863 2224 arbiter

172 2248 314 2326 disponis,
332 2248 402 2308 addi
415 2250 439 2306 si
456 2248 525 2325 quid
543 2248 577 2308 ad
594 2267 706 2326 peenas
722 2257 827 2326 potest,

171 2333 248 2412 quod
266 2334 328 2412 ipse
344 2341 443 2393 custos
459 2334 586 2393 carceris
601 2334 658 2393 diri
674 2334 804 2402 horreat,

134 2425 157 2483 α’
214 2417 298 2489 Quod
314 2426 444 2478 maestus
459 2418 597 2478 Acheron
613 2426 734 2496 paueat,
751 2418 786 2477 ad
804 2420 888 2480 cuius
905 2426 1015 2479 rnetnm

239 2620 375 2674 INCIPIT
401 2619 405 2682 Ι
432 2619 628 2700 ΤΗΥΕὸΤΕὸΙΙ
658 2618 856 2669 FELICITER
887 2618 890 2684 Ι
918 2620 1087 2672 TANTALI.

171 2703 484 2756 VMBRx-FVRM
508 2701 520 2770 Η
548 2704 970 2760 TANTALVS·MEGA·RA.A
1000 2702 1012 2772 ll
1043 2706 1089 2756 ‘In

170 2805 215 2838 rna.
234 2791 322 2839 codice
341 2790 482 2840 ATREVS
501 2790 698 2840 inscribebatnr’
717 2790 792 2840 NHs.

241 2960 255 3006 l
279 2959 347 3020 Quis
365 2974 408 3007 me
426 2959 503 3008 furor
521 2973 593 3008 nunc
616 2957 681 3013 sede
701 2959 736 3008 ab
755 2959 881 3008 infauste
904 2959 1043 3009 abstrahit
1062 2962 1085 3008 A

172 3025 277 3075 TANT.
302 3026 361 3087 (red
377 3026 461 3090 paene
480 3028 607 3076 detersum
624 3043 678 3076 cnm
699 3027 821 3088 scholiis.)
842 3028 911 3088 Quis
935 3027 1086 3076 inferorum

172 3093 237 3142 sede
258 3094 292 3143 ab
312 3093 438 3142 infausta
457 3094 578 3143 extrahit
596 3093 621 3142 E
651 3095 718 3156 Quis
737 3110 779 3142 me
798 3094 947 3144 inferorum
967 3093 1032 3144 sede
1052 3095 1086 3144 ab

171 3161 296 3210 infauste
315 3161 435 3210 extrahit
453 3161 493 3210 AB
524 3158 536 3226 l}
571 3163 685 3212 3niuas
703 3161 797 3212 domos
815 3163 840 3211 A
871 3163 947 3211 uisas
966 3162 1044 3211 domo
1063 3163 1089 3211 E

172 3227 287 3277 inuisas
306 3231 338 3278 ci.
352 3229 427 3278 NHa.
448 3231 546 3279 iussas
564 3231 595 3279 ci.
610 3229 664 3279 BP.
688 3225 700 3296 11
723 3232 738 3280 9
759 3233 806 3278 aut
818 3244 910 3294 poene
923 3229 1000 3293 Tityi
1018 3245 1087 3279 senr-

171 3311 221 3360 per
239 3310 405 3346 accrescens
429 3297 505 3346 iecur
523 3297 547 3345 A
578 3313 604 3350 e.
625 3314 651 3362 p,
671 3303 690 3346 t.
711 3299 757 3362 qui
776 3313 861 3362 specu
884 3301 965 3346 ueste
989 3305 1089 3361 patens

173 3377 281 3428 semper
301 3378 464 3414 accrescens
483 3366 559 3416 iecur
571 3365 611 3414 nn
641 3381 665 3414 a.
685 3381 711 3429 p.
731 3370 750 3414 t.
771 3367 818 3426 qui
836 3378 921 3428 specu
939 3369 1020 3416 uasto
1040 3382 1089 3430 pa·

173 3436 234 3480 tens
253 3428 311 3494 (om.
325 3446 409 3496 semp.
424 3448 465 3482 ec.
480 3433 510 3496 i.)
524 3433 549 3481 E
570 3428 581 3497 tt
607 3435 638 3482 10
655 3432 817 3481 uulneribus
830 3448 852 3480 ω
869 3433 1023 3484 uisceribus
1037 3451 1055 3483 α
1067 3431 1078 3500 ss

174 3500 205 3547 15
224 3498 293 3548 adde
307 3515 328 3548 ω
348 3499 417 3549 eddi
430 3500 487 3552 Bo:
504 3497 516 3566 Η
540 3506 618 3565 potes
631 3500 656 3548 A
676 3504 768 3564 potest
779 3499 805 3548 E
818 3498 876 3564 (Gr.
888 3499 917 3565 t.)
942 3497 954 3566 Η
